@phdthesis{Sa5,
    title = {{a}},
    year = {2016},
    author = {S{\'{a}}nchez, Yuly E.},
    isbn = {t},
    doi = {f},
    issn = {f},
    arxivId = {t}
}

@phdthesis{Sa5b,
    title = {{a}},
    year = {2016},
    author = {S{\'{a}}nchez, Yuly E},
    isbn = {t},
    doi = {f},
    issn = {f},
    arxivId = {t}
}

@article{2A,
    title = {{a}},
    year = {2},
    journal = {e},
    number = {d},
    pages = {f},
    volume = {e},
    isbn = {f},
    doi = {y},
    issn = {x},
    arxivId = {r}
}

@book{Reichl,
    title = {{A Modern Course in Statistical Physics}},
    year = {2016},
    author = {Reichl, Linda E.},
    pages = {486},
    isbn = {9783527413492}
}

@article{Cabrera2017,
    title = {{A Preliminary Normal Mode Analysis of a Sugar Transporter vSGLT}},
    year = {2017},
    journal = {Biophysical Journal},
    author = {Cabrera, John E. and Blanco, Claudia A. and S{\'{a}}nchez, Yuly E.},
    number = {3},
    pages = {290a-291a},
    volume = {112},
    url = {http://linkinghub.elsevier.com/retrieve/pii/S0006349516326054},
    doi = {10.1016/j.bpj.2016.11.1575},
    issn = {00063495}
}

@article{Cabrera2017b,
    title = {{A Preliminary Normal Mode Analysis of a Sugar Transporter vSGLT}},
    year = {2017},
    journal = {Biophysical Journal},
    author = {Cabrera, John E and Blanco, Claudia A and S{\'{a}}nchez, Yuly E},
    number = {3},
    pages = {290a-291a},
    volume = {112},
    url = {http://linkinghub.elsevier.com/retrieve/pii/S0006349516326054},
    doi = {10.1016/j.bpj.2016.11.1575},
    issn = {00063495}
}

@misc{Amber2016,
    title = {{Amber 2016 Reference Manual}},
    year = {2016},
    author = {Cerutti, D.S. and Case, D.A. and Cheatham, T.E. and {III} and Darden, T.A. and Duke, R.E. and Giese, T.J. and Gohlke, H. and Goetz, A.W. and Greene, D. and Homeyer, N. and Izadi, S. and Kovalenko, A. and Lee, T.S. and LeGrand, S. and Li, P. and Lin, C. and Liu, J. and Luchko, T. and Luo, R. and Mermelstein, D. and Merz, K.M. and Monard, G. and Nguyen, H. and Omelyan, I. and Onufriev, A. and Pan, F. and Qi, R. and Roe, D.R. and Roitberg, A. and Sagui, C. and Simmerling, C.L. and Botello-Smith, W.M. and Swails, J. and Walker, R.C. and Wang, J. and Wolf, R.M. and Wu, X. and Xiao, L. and York, D.M. and Kollman, P.A.},
    url = {http://ambermd.org/}
}

@article{Biomolecula,
    title = {{An{\'{a}}lisis de Modos Normales en}},
    author = {Biomol{\'{e}}cula, Una and Erick, John and Ramirez, Cabrera}
}

@article{Biomoleculab,
    title = {{An{\'{a}}lisis de Modos Normales en}},
    author = {Biomol{\'{e}}cula, Una and Erick, John and Ramirez, Cabrera}
}

@article{Eyal2006AnisotropicInterface,
    title = {{Anisotropic network model: Systematic evaluation and a new web interface}},
    year = {2006},
    journal = {Bioinformatics},
    author = {Eyal, Eran and Yang, Lee Wei and Bahar, Ivet},
    isbn = {1367-4803},
    doi = {10.1093/bioinformatics/btl448},
    issn = {13674803},
    pmid = {16928735}
}

@article{Atilgan2001,
    title = {{Anisotropy of fluctuation dynamics of proteins with an elastic network model.}},
    year = {2001},
    journal = {Biophysical journal},
    author = {Atilgan, A R and Durell, S R and Jernigan, R L and Demirel, M C and Keskin, O and Bahar, I},
    number = {1},
    pages = {505--515},
    volume = {80},
    publisher = {Elsevier},
    url = {http://www.pubmedcentral.nih.gov/articlerender.fcgi?artid=1301252&tool=pmcentrez&rendertype=abstract},
    isbn = {3014024724},
    doi = {10.1016/S0006-3495(01)76033-X},
    issn = {00063495},
    pmid = {11159421},
    keywords = {Anisotropy, Binding Sites, Biophysical Phenomena, Biophysics, Crystallography, Elasticity, Models, Molecular, Protein Binding, Protein Conformation, Proteins, Proteins: chemistry, Retinol-Binding Proteins, Retinol-Binding Proteins: chemistry, Thermodynamics, X-Ray}
}

@article{Atilgan2001b,
    title = {{Anisotropy of fluctuation dynamics of proteins with an elastic network model.}},
    year = {2001},
    journal = {Biophysical journal},
    author = {Atilgan, A R and Durell, S R and Jernigan, R L and Demirel, M C and Keskin, O and Bahar, I},
    number = {1},
    pages = {505--515},
    volume = {80},
    publisher = {Elsevier},
    url = {http://www.pubmedcentral.nih.gov/articlerender.fcgi?artid=1301252&tool=pmcentrez&rendertype=abstract},
    isbn = {3014024724},
    doi = {10.1016/S0006-3495(01)76033-X},
    issn = {00063495},
    pmid = {11159421},
    keywords = {Anisotropy, Binding Sites, Biophysical Phenomena, Biophysics, Crystallography, Elasticity, Models, Molecular, Protein Binding, Protein Conformation, Proteins, Proteins: chemistry, Retinol-Binding Proteins, Retinol-Binding Proteins: chemistry, Thermodynamics, X-Ray}
}

@misc{Zdravkovic2012,
    title = {{Atomistic models of ion and solute transport by the sodium-dependent secondary active transporters}},
    year = {2012},
    booktitle = {Biochimica et Biophysica Acta - Biomembranes},
    author = {Zdravkovic, Igor and Zhao, Chunfeng and Lev, Bogdan and Cuervo, Javier Eduardo and Noskov, Sergei Yu.},
    number = {2},
    pages = {337--347},
    volume = {1818},
    doi = {10.1016/j.bbamem.2011.10.031},
    issn = {00052736},
    pmid = {22138368},
    keywords = {Ion selectivity, Molecular mechanism, Secondary transporter, Substrate specificity, Water permeation}
}

@misc{Zdravkovic2012b,
    title = {{Atomistic models of ion and solute transport by the sodium-dependent secondary active transporters}},
    year = {2012},
    booktitle = {Biochimica et Biophysica Acta - Biomembranes},
    author = {Zdravkovic, Igor and Zhao, Chunfeng and Lev, Bogdan and Cuervo, Javier Eduardo and Noskov, Sergei Yu.},
    number = {2},
    pages = {337--347},
    volume = {1818},
    doi = {10.1016/j.bbamem.2011.10.031},
    issn = {00052736},
    pmid = {22138368},
    keywords = {Ion selectivity, Molecular mechanism, Secondary transporter, Substrate specificity, Water permeation}
}

@book{Kuchel,
    title = {{Biochemistry}},
    year = {2009},
    author = {Kuchel, Philip W. and Easterbrook-Smith, Simon B. and Gysbers, Vanessa and Guss, J. Mitchell and Hancock, Dale P.},
    isbn = {9780071641043}
}

@book{Kuchelb,
    title = {{Biochemistry}},
    year = {2009},
    author = {Kuchel, Philip W and Easterbrook-Smith, Simon B and Gysbers, Vanessa and Guss, J Mitchell and Hancock, Dale P},
    isbn = {9780071641043}
}

@article{Curtis2008,
    title = {{Biolog{\'{i}}a}},
    year = {2008},
    author = {Curtis, Helena and Barnes, Sue and Schnek, Adriana},
    pages = {857},
    isbn = {978-950-0334-8}
}

@article{Curtis2008b,
    title = {{Biolog{\'{i}}a}},
    year = {2008},
    author = {Curtis, Helena and Barnes, Sue and Schnek, Adriana},
    pages = {857},
    isbn = {978-950-0334-8}
}

@article{Hernandez-Villa2018BiophysicalPeptides,
    title = {{Biophysical evaluation of cardiolipin content as a regulator of the membrane lytic effect of antimicrobial peptides}},
    year = {2018},
    journal = {Biophysical Chemistry},
    author = {Hern{\'{a}}ndez-Villa, Laura and Manrique-Moreno, Marcela and Leidy, Chad and Jemio{\l}a-Rzemi{\'{n}}ska, Małgorzata and Ort{\'{i}}z, Claudia and Strza{\l}ka, Kazimierz},
    pages = {8--15},
    volume = {238},
    publisher = {Elsevier B.V.},
    doi = {10.1016/j.bpc.2018.04.001},
    issn = {18734200},
    keywords = {Antimicrobial activity, Calcein leakage, Cardiolipin, Cathelicidin LL-37, Cationic antimicrobial peptides, Liposomes, Staphylococcus aureus}
}

@article{Hernandez-Villa1BiophysicalPeptides,
    title = {{Biophysical evaluation of cardiolipin content as a regulator of the membrane lytic effect of antimicrobial peptides}},
    author = {Hern{\'{a}}ndez-Villa1, Laura and Manrique-Moreno1, Marcela and Leidy, Chad and Jemio{\l}a-Rzemi{\'{n}}ska, Małgorzata and Ort{\'{i}}z, Claudia and Strza{\l}ka, Kazimierz}
}

@article{BiophysicalPeptides,
    title = {{Biophysical evaluation of cardiolipin content as a regulator of the {\{}{\textbackslash}{\textbackslash}{\}}membrane lytic effect of antimicrobial peptides}}
}

@misc{Purcell2007,
    title = {{C{\'{a}}lculo}},
    year = {2007},
    author = {Purcell, Edwin J. and Varberg, Dale and Rigdon, Steven E.},
    pages = {872}
}

@article{Apostol1969,
    title = {{CALCULUS - Volume II, Multi Variable Calculus and Linear Algebra, with Applications to Differential Equations and Probability}},
    year = {1969},
    author = {Apostol, Tom M.},
    pages = {696},
    volume = {2},
    isbn = {0471000078}
}

@article{Nagendra2011,
    title = {{Carotenoid-Related Alteration of Cell Membrane Fluidity Impacts Staphylococcus aureus Susceptibility to Host Defense Peptides}},
    year = {2011},
    journal = {Antimicrobial Agents and Chemotherapy},
    author = {Mishra, Nagendra N and Liu, George Y and Yeaman, Michael R and Nast, Cynthia C and Proctor, Richard A and Mckinnell, James and Bayer, Arnold S},
    number = {2},
    pages = {526--531},
    volume = {55},
    url = {http://aac.asm.org/content/55/2/526.full.pdf},
    doi = {10.1128/AAC.00680-10}
}

@article{Nagendra2011b,
    title = {{Carotenoid-Related Alteration of Cell Membrane Fluidity Impacts Staphylococcus aureus Susceptibility to Host Defense Peptides}},
    year = {2011},
    journal = {Antimicrobial Agents and Chemotherapy},
    author = {Mishra, Nagendra N and Liu, George Y and Yeaman, Michael R and Nast, Cynthia C and Proctor, Richard A and Mckinnell, James and Bayer, Arnold S},
    number = {2},
    pages = {526--531},
    volume = {55},
    url = {http://aac.asm.org/content/55/2/526.full.pdf},
    doi = {10.1128/AAC.00680-10}
}

@article{Nagendra2011bb,
    title = {{Carotenoid-Related Alteration of Cell Membrane Fluidity Impacts Staphylococcus aureus Susceptibility to Host Defense Peptides}},
    year = {2011},
    journal = {Antimicrobial Agents and Chemotherapy},
    author = {Mishra, Nagendra N and Liu, George Y and Yeaman, Michael R and Nast, Cynthia C and Proctor, Richard A and Mckinnell, James and Bayer, Arnold S},
    number = {2},
    pages = {526--531},
    volume = {55},
    url = {http://aac.asm.org/content/55/2/526.full.pdf},
    doi = {10.1128/AAC.00680-10}
}

@article{Coli,
    title = {{Cell-Size Control and Homeostasis in Bacteria}},
    author = {Coli, E}
}

@article{0CGInterface,
    title = {{CG Description Sketch CA iMODS quick reference – Basic NMA interface}}
}

@article{0CGInterfaceb,
    title = {{CG Description Sketch CA iMODS quick reference – Basic NMA interface}}
}

@phdthesis{Unknown,
    title = {{Changes in lipid composition during biofilm formation of S. aureus and implications in susceptibility to antimicrobial peptides.}},
    booktitle = {ثبثبثب},
    author = {Perez, M.I and Trier, S and Bernal, A and Herrfurth, C and Feussner, I and Chad, Leidy},
    number = {ثق ثقثقثق},
    pages = {ثقثقثقثق},
    volume = {ث ققثق}
}

@article{Brooks2009,
    title = {{CHARMM: The biomolecular simulation program}},
    year = {2009},
    journal = {Journal of Computational Chemistry},
    author = {Brooks, B. R. and Brooks, C. L. and Mackerell, A. D. and Nilsson, L. and Petrella, R. J. and Roux, B. and Won, Y. and Archontis, G. and Bartels, C. and Boresch, S. and Caflisch, A. and Caves, L. and Cui, Q. and Dinner, A. R. and Feig, M. and Fischer, S. and Gao, J. and Hodoscek, M. and Im, W. and Kuczera, K. and Lazaridis, T. and Ma, J. and Ovchinnikov, V. and Paci, E. and Pastor, R. W. and Post, C. B. and Pu, J. Z. and Schaefer, M. and Tidor, B. and Venable, R. M. and Woodcock, H. L. and Wu, X. and Yang, W. and York, D. M. and Karplus, M.},
    number = {10},
    month = {7},
    pages = {1545--1614},
    volume = {30},
    publisher = {Wiley Subscription Services, Inc., A Wiley Company},
    url = {http://doi.wiley.com/10.1002/jcc.21287},
    isbn = {9780123812681},
    doi = {10.1002/jcc.21287},
    issn = {1096987X},
    pmid = {19444816},
    arxivId = {NIHMS150003},
    keywords = {Biomolecular simulation, Biophysical computation, CHARMM program, Energy function, Molecular dynamics, Molecular mechanics, Molecular modeling}
}

@book{Jackson,
    title = {{Classical Electrodynamics}},
    booktitle = {Library},
    author = {Jackson, John David}
}

@book{Goldstein2001,
    title = {{Classical Mechanics}},
    year = {2001},
    author = {Goldstein, Herbert and Poole, Charles P. and Safko, John},
    editor = {{Pearson Education Ltd.}},
    edition = {3},
    number = {1},
    pages = {238--271},
    volume = {1},
    publisher = {Adison Wesley, Pearson},
    isbn = {978-0201657029},
    doi = {10.1017/CBO9781107415324.004},
    issn = {16130073},
    pmid = {25246403},
    arxivId = {arXiv:1011.1669v3}
}

@misc{Bahar2005Coarse-grainedBiology,
    title = {{Coarse-grained normal mode analysis in structural biology}},
    year = {2005},
    booktitle = {Current Opinion in Structural Biology},
    author = {Bahar, Ivet and Rader, A J},
    isbn = {0959-440X},
    doi = {10.1016/j.sbi.2005.08.007},
    issn = {0959440X},
    pmid = {16143512},
    arxivId = {NIHMS150003}
}

@article{Brown1996,
    title = {{Complex variables and applications}},
    year = {1996},
    author = {Brown, James Ward and Churchill, Ruel Vance},
    pages = {386},
    url = {http://books.google.com/books?id=RCzvAAAAMAAJ&pgis=1},
    isbn = {0079121462}
}

@article{Reference2014,
    title = {{Correction: Exploring the Conformational Transitions of Biomolecular Systems Using a Simple Two-State Anisotropic Network Model}},
    year = {2014},
    journal = {PLoS Comput Biol},
    author = {Reference, 1 and Das, A and Gur, M and Cheng, Mh and Jo, S and Bahar, I},
    number = {10810},
    volume = {10},
    doi = {10.1371/journal.pcbi.1003868}
}

@article{Reference2014b,
    title = {{Correction: Exploring the Conformational Transitions of Biomolecular Systems Using a Simple Two-State Anisotropic Network Model}},
    year = {2014},
    journal = {PLoS Comput Biol},
    author = {Reference, 1 and Das, A and Gur, M and Cheng, Mh and Jo, S and Bahar, I},
    number = {10810},
    volume = {10},
    doi = {10.1371/journal.pcbi.1003868}
}

@book{Zill2009,
    title = {{Differential Equations with Boundary-Value Problems}},
    year = {2009},
    author = {Zill, D G and Cullen, M R},
    pages = {613},
    isbn = {978495108368},
    doi = {10.1017/CBO9781107415324.004},
    issn = {1098-6596},
    pmid = {25246403},
    arxivId = {arXiv:1011.1669v3}
}

@article{Pavone1996,
    title = {{Discovering protein secondary structures: Classification and description of isolated {\{}{\$}{$\alpha$}{\$}{\}}-turns}},
    year = {1996},
    journal = {Biopolymers},
    author = {Pavone, V and Gaeta, G and Lombardi, A and Nastri, F and Maglio, O and Isernia, C and Saviano, M},
    number = {6},
    pages = {705--721},
    volume = {38},
    isbn = {1097-0282},
    doi = {10.1002/(SICI)1097-0282(199606)38:6<705::AID-BIP3>3.0.CO;2-V},
    issn = {00063525},
    pmid = {8652792}
}

@article{Pavone1996b,
    title = {{Discovering protein secondary structures: Classification and description of isolated {$\alpha$}-turns}},
    year = {1996},
    journal = {Biopolymers},
    author = {Pavone, V. and Gaeta, G. and Lombardi, A. and Nastri, F. and Maglio, O. and Isernia, C. and Saviano, M.},
    number = {6},
    pages = {705--721},
    volume = {38},
    isbn = {1097-0282},
    doi = {10.1002/(SICI)1097-0282(199606)38:6<705::AID-BIP3>3.0.CO;2-V},
    issn = {00063525},
    pmid = {8652792}
}

@article{Lezon2009,
    title = {{Elastic Network Models For Biomolecular Dynamics: Theory and Application to Membrane Proteins and Viruses}},
    year = {2009},
    journal = {Handbook on Biological Networks},
    author = {Lezon, Timothy R. and Shrivastava, Indira H. and Yang, Zheng and Bahar, Ivet},
    pages = {129--158},
    url = {papers2://publication/uuid/9B230FBB-A40F-4630-9421-7FF883030646}
}

@article{Lezon2009b,
    title = {{Elastic Network Models For Biomolecular Dynamics: Theory and Application to Membrane Proteins and Viruses}},
    year = {2009},
    journal = {Handbook on Biological Networks},
    author = {Lezon, Timothy R and Shrivastava, Indira H and Yang, Zheng and Bahar, Ivet},
    pages = {129--158},
    url = {papers2://publication/uuid/9B230FBB-A40F-4630-9421-7FF883030646}
}

@book{ARMITAGE2006,
    title = {{Elliptic Functions}},
    year = {2006},
    author = {ARMITAGE, J. V. and EBERLEIN, W. F.},
    isbn = {9780521780780},
    doi = {10.1017/CBO9780511617867}
}

@article{Sethna2006,
    title = {{Entropy, order parameters, and complexity}},
    year = {2006},
    journal = {Statistical Mechanics, Laboratory of Atomic and Solid State Physics, Cornell University, Ithaca, NY},
    author = {Sethna, James P.},
    pages = {105--113},
    url = {http://nozdr.ru/data/media/biblioteka/kolxo3/P_Physics/PT_Thermodynamics, statistical physics/Sethna J.P. Statistical mechanics.. Entropy, order parameters, and complexity (draft, OUP, 2006)(ISBN 0198566778)(O)(371s)_PT_.pdf%0Ahttp://pages.physics.cornell}
}

@article{Sethna2006b,
    title = {{Entropy, order parameters, and complexity}},
    year = {2006},
    journal = {Statistical Mechanics, Laboratory of Atomic and Solid State Physics, Cornell University, Ithaca, NY},
    author = {Sethna, James P},
    pages = {105--113},
    url = {http://nozdr.ru/data/media/biblioteka/kolxo3/P_Physics/PT_Thermodynamics, statistical physics/Sethna J.P. Statistical mechanics.. Entropy, order parameters, and complexity (draft, OUP, 2006)(ISBN}
}

@article{Amadei1993,
    title = {{Essential dynamics of proteins}},
    year = {1993},
    journal = {Proteins: Structure, Function, and Genetics},
    author = {Amadei, Andrea and Linssen, Antonius B. M. and Berendsen, Herman J. C.},
    number = {4},
    month = {12},
    pages = {412--425},
    volume = {17},
    url = {http://doi.wiley.com/10.1002/prot.340170408},
    isbn = {0887-3585 (Print){\textbackslash}n0887-3585 (Linking)},
    doi = {10.1002/prot.340170408},
    issn = {0887-3585},
    pmid = {8108382},
    keywords = {constraint dynam-, ics, lysozyme, molecular dynamics, normal modes}
}

@article{Amadei1993b,
    title = {{Essential dynamics of proteins}},
    year = {1993},
    journal = {Proteins: Structure, Function, and Genetics},
    author = {Amadei, Andrea and Linssen, Antonius B M and Berendsen, Herman J C},
    number = {4},
    pages = {412--425},
    volume = {17},
    url = {http://doi.wiley.com/10.1002/prot.340170408},
    isbn = {0887-3585 (Print){\{}{\textbackslash}textbackslash{\}}n0887-3585 (Linking)},
    doi = {10.1002/prot.340170408},
    issn = {0887-3585},
    pmid = {8108382},
    keywords = {constraint dynam-, ics, lysozyme, molecular dynamics, normal modes}
}

@misc{Freund,
    title = {{Estad{\'{i}}stica matem{\'{a}}tica con aplicaciones.pdf}},
    author = {Freund, John E},
    isbn = {9701703898}
}

@book{Anderson2008,
    title = {{Estad{\'{i}}stica para Administraci{\'{o}}n y Econom{\'{i}}a}},
    year = {2008},
    author = {Anderson, David R. and Sweeney, Dennis J. and Williams, Thomas a.},
    pages = {1091},
    isbn = {9786074813197}
}

@article{Das2014,
    title = {{Exploring the Conformational Transitions of Biomolecular Systems Using a Simple Two-State Anisotropic Network Model}},
    year = {2014},
    journal = {PLoS Computational Biology},
    author = {Das, Avisek and Gur, Mert and Cheng, Mary Hongying and Jo, Sunhwan and Bahar, Ivet and Roux, Benoît},
    isbn = {1553-7358},
    doi = {10.1371/journal.pcbi.1003521},
    issn = {15537358},
    pmid = {24699246}
}

@article{Suesca2013,
    title = {{Exploring the Local Elastic Properties of Bilayer Membranes Using Molecular Dynamics Simulations}},
    year = {2013},
    journal = {Nature Communications},
    author = {Rey Su{\'{a}}rez, Iván and Leidy, Chad and T{\'{e}}llez, Gabriel and Gay, Guillaume and Gonzalez-Mancera, Andres and Suesca, Elizabeth and Alejo, Jose Luis and Bola{\~{n}}os, Natalia I. and Ocampo, Jackson and Leidy, Chad and Gonz{\'{a}}lez, John M. and Mar{\'{i}}n-Medina, Nathaly and Ram{\'{i}}rez, Diego Alejandro and Trier, Steve and Leidy, Chad and Avenda{\~{n}}o, Maier S. and Leidy, Chad and Pedraza, Juan M. and Pieffet, Gilles and Botero, Alonso and Peters, Günther H. and Forero-Shelton, Manu and Leidy, Chad},
    number = {7},
    pages = {12883--12891},
    volume = {4},
    isbn = {2041-1723 (Electronic){\textbackslash}n2041-1723 (Linking)},
    doi = {10.1007/s00253-016-7975-9},
    issn = {19326203},
    pmid = {25325715},
    keywords = {Antimicrobial peptides, Astrocytes, Brain inflammation, Lipid membranes, Mechanical properties, Myelin lipids, Resistant bacteria}
}

@article{RodriguezPorca,
    title = {{FORMULACI{\'{O}}N Y NOMENCLATURA QU{\'{I}}MICA INORG{\'{A}}NICA}},
    author = {Rodr{\'{i}}guez Porca, Pedro L}
}

@article{RodriguezPorcab,
    title = {{FORMULACI{\'{O}}N Y NOMENCLATURA QU{\'{I}}MICA INORG{\'{A}}NICA}},
    author = {Rodr{\'{i}}guez Porca, Pedro L}
}

@article{Scafoglio2015,
    title = {{Functional expression of sodium-glucose transporters in cancer.}},
    year = {2015},
    journal = {Proceedings of the National Academy of Sciences of the United States of America},
    author = {Scafoglio, Claudio and Hirayama, Bruce A and Kepe, Vladimir and Liu, Jie and Ghezzi, Chiara and Satyamurthy, Nagichettiar and Moatamed, Neda A and Huang, Jiaoti and Koepsell, Hermann and Barrio, Jorge R and Wright, Ernest M},
    number = {30},
    pages = {4111--9},
    volume = {112},
    url = {http://www.pnas.org/content/112/30/E4111.short},
    isbn = {0027-8424, 1091-6490},
    doi = {10.1073/pnas.1511698112},
    issn = {1091-6490},
    pmid = {26170283},
    keywords = {Adenocarcinoma, Adenocarcinoma: metabolism, Animals, Biological Transport, Female, Fluorine Radioisotopes, Fluorine Radioisotopes: chemistry, Gene Expression Profiling, Gene Expression Regulation, Neoplastic, Glucose Transport Proteins, Facilitative, Glucose Transport Proteins, Facilitative: metaboli, Glucosides, Glucosides: chemistry, Humans, Immunohistochemistry, Kidney, Kidney: metabolism, Male, Mice, Necrosis, Neoplasm Transplantation, Pancreatic Neoplasms, Pancreatic Neoplasms: drug therapy, Pancreatic Neoplasms: metabolism, Positron-Emission Tomography, Prostatic Neoplasms, Prostatic Neoplasms: drug therapy, Prostatic Neoplasms: metabolism, Sodium-Glucose Transporter 2, Sodium-Glucose Transporter 2: antagonists {\&} inhibi, Sodium-Glucose Transporter 2: metabolism}
}

@article{Scafoglio2015b,
    title = {{Functional expression of sodium-glucose transporters in cancer.}},
    year = {2015},
    journal = {Proceedings of the National Academy of Sciences of the United States of America},
    author = {Scafoglio, Claudio and Hirayama, Bruce A and Kepe, Vladimir and Liu, Jie and Ghezzi, Chiara and Satyamurthy, Nagichettiar and Moatamed, Neda A and Huang, Jiaoti and Koepsell, Hermann and Barrio, Jorge R and Wright, Ernest M},
    number = {30},
    pages = {4111--4119},
    volume = {112},
    url = {http://www.pnas.org/content/112/30/E4111.short},
    isbn = {0027-8424, 1091-6490},
    doi = {10.1073/pnas.1511698112},
    issn = {1091-6490},
    pmid = {26170283},
    keywords = {Adenocarcinoma, Adenocarcinoma: metabolism, Animals, Biological Transport, Facilitative, Facilitative: metaboli, Female, Fluorine Radioisotopes, Fluorine Radioisotopes: chemistry, Gene Expression Profiling, Gene Expression Regulation, Glucose Transport Proteins, Glucosides, Glucosides: chemistry, Humans, Immunohistochemistry, Kidney, Kidney: metabolism, Male, Mice, Necrosis, Neoplasm Transplantation, Neoplastic, Pancreatic Neoplasms, Pancreatic Neoplasms: drug therapy, Pancreatic Neoplasms: metabolism, Positron-Emission Tomography, Prostatic Neoplasms, Prostatic Neoplasms: drug therapy, Prostatic Neoplasms: metabolism, Sodium-Glucose Transporter 2, Sodium-Glucose Transporter 2: antagonists {\&} inhib, Sodium-Glucose Transporter 2: metabolism}
}

@book{Jenkins1976,
    title = {{Fundamental of Optics: 4th Edition}},
    year = {1976},
    booktitle = {McGraw-Hill Primis Custom Publishing},
    author = {Jenkins, Francis A. and White, Harvey E.},
    number = {1},
    pages = {28--28},
    volume = {97},
    isbn = {0072561912},
    doi = {10.1002/ardp.18460970109},
    issn = {15214184},
    pmid = {20506873}
}

@article{Gur2013,
    title = {{Global motions exhibited by proteins in micro- to milliseconds simulations concur with anisotropic network model predictions.}},
    year = {2013},
    journal = {The Journal of chemical physics},
    author = {Gur, M and Zomot, E and Bahar, I},
    number = {12},
    month = {9},
    pages = {121912},
    volume = {139},
    url = {http://www.pubmedcentral.nih.gov/articlerender.fcgi?artid=3739829&tool=pmcentrez&rendertype=abstract},
    doi = {10.1063/1.4816375},
    issn = {1089-7690},
    pmid = {24089724},
    keywords = {Algorithms, Amino Acid Transport Systems, Amino Acid Transport Systems: chemistry, Amino Acid Transport Systems: metabolism, Animals, Anisotropy, Aprotinin, Aprotinin: chemistry, Aprotinin: metabolism, Aspartic Acid, Aspartic Acid: chemistry, Aspartic Acid: metabolism, Cattle, Chemical, Kinetics, Lipid Bilayers, Lipid Bilayers: chemistry, Models, Molecular, Molecular Dynamics Simulation, Principal Component Analysis, Time Factors, Water, Water: chemistry}
}

@article{Gur2013b,
    title = {{Global motions exhibited by proteins in micro- to milliseconds simulations concur with anisotropic network model predictions.}},
    year = {2013},
    journal = {The Journal of chemical physics},
    author = {Gur, M and Zomot, E and Bahar, I},
    number = {12},
    pages = {121912},
    volume = {139},
    url = {http://www.pubmedcentral.nih.gov/articlerender.fcgi?artid=3739829&tool=pmcentrez&rendertype=abstract},
    doi = {10.1063/1.4816375},
    issn = {1089-7690},
    pmid = {24089724},
    keywords = {Algorithms, Amino Acid Transport Systems, Amino Acid Transport Systems: chemistry, Amino Acid Transport Systems: metabolism, Animals, Anisotropy, Aprotinin, Aprotinin: chemistry, Aprotinin: metabolism, Aspartic Acid, Aspartic Acid: chemistry, Aspartic Acid: metabolism, Cattle, Chemical, Kinetics, Lipid Bilayers, Lipid Bilayers: chemistry, Models, Molecular, Molecular Dynamics Simulation, Principal Component Analysis, Time Factors, Water, Water: chemistry}
}

@misc{Weinberg1973,
    title = {{Gravitation and Cosmology: Principles and Applications of the General Theory of Relativity}},
    year = {1973},
    booktitle = {American Journal of Physics},
    author = {Weinberg, Steven},
    number = {4},
    pages = {598},
    volume = {41},
    url = {http://link.aip.org/link/?AJP/41/598/1&Agg=doi%5Cnhttp://scitation.aip.org/content/aapt/journal/ajp/41/4/10.1119/1.1987308},
    isbn = {0471925675},
    doi = {10.1119/1.1987308},
    issn = {00029505}
}

@book{Including,
    title = {{Including Ouan tum Effectss}},
    author = {Including, Introduction},
    isbn = {9812388079}
}

@book{N.W.AshcroftN.D.Mermin1976,
    title = {{Introduction to Solid State Physics}},
    year = {2005},
    author = {Kittel, Charles and McEuen, Paul},
    edition = {8},
    pages = {701},
    publisher = {John Wiley {\&} Sons, Inc},
    isbn = {0-03-083993-9},
    doi = {10.1088/0031-9112/8/9/012}
}

@misc{HaraldJ.W.Muller-Kirsten2010,
    title = {{Introduction to Supersymmetry.pdf}},
    year = {2010},
    author = {Harald J. W. Muller-Kirsten, Armin Wiedemann}
}

@misc{HaraldJ.W.Muller-Kirsten2010a,
    title = {{Introduction to Supersymmetry.pdf}},
    year = {2010},
    author = {Harald J. W. Muller-Kirsten, Armin Wiedemann}
}

@article{Li2009,
    title = {{Ion-releasing state of a secondary membrane transporter}},
    year = {2009},
    journal = {Biophysical Journal},
    author = {Li, Jing and Tajkhorshid, Emad},
    number = {11},
    volume = {97},
    isbn = {1542-0086 (Electronic){\textbackslash}r0006-3495 (Linking)},
    doi = {10.1016/j.bpj.2009.09.005},
    issn = {00063495},
    pmid = {19948113}
}

@article{Li2009b,
    title = {{Ion-releasing state of a secondary membrane transporter}},
    year = {2009},
    journal = {Biophysical Journal},
    author = {Li, Jing and Tajkhorshid, Emad},
    number = {11},
    volume = {97},
    isbn = {1542-0086 (Electronic){\{}{\textbackslash}textbackslash{\}}r0006-3495 (Linking)},
    doi = {10.1016/j.bpj.2009.09.005},
    issn = {00063495},
    pmid = {19948113}
}

@article{Tirion1996,
    title = {{Large Amplitude Elastic Motions in Proteins from a Single-Parameter, Atomic Analysis.}},
    year = {1996},
    journal = {Physical review letters},
    author = {Tirion, Monique M.},
    number = {9},
    month = {8},
    pages = {1905--1908},
    volume = {77},
    url = {http://link.aps.org/doi/10.1103/PhysRevLett.77.1905 http://www.ncbi.nlm.nih.gov/pubmed/10063201},
    isbn = {1079-7114 (Electronic){\textbackslash}r0031-9007 (Linking)},
    doi = {10.1103/PhysRevLett.77.1905},
    issn = {1079-7114},
    pmid = {10063201}
}

@article{Tirion1996b,
    title = {{Large Amplitude Elastic Motions in Proteins from a Single-Parameter, Atomic Analysis.}},
    year = {1996},
    journal = {Physical review letters},
    author = {Tirion, Monique M},
    number = {9},
    pages = {1905--1908},
    volume = {77},
    url = {http://link.aps.org/doi/10.1103/PhysRevLett.77.1905 http://www.ncbi.nlm.nih.gov/pubmed/10063201},
    isbn = {1079-7114 (Electronic){\{}{\textbackslash}textbackslash{\}}r0031-9007 (Linking)},
    doi = {10.1103/PhysRevLett.77.1905},
    issn = {1079-7114},
    pmid = {10063201}
}

@book{Nelson2011,
    title = {{Lehninger Principles of Biochemistry}},
    year = {2011},
    booktitle = {Lheninger Principles of Biochemistry},
    author = {Nelson, David L. and Cox, Michael M.},
    edition = {4},
    month = {8},
    publisher = {Freeman, W. H. {\&} Company},
    isbn = {0716770490},
    issn = {1672-0415},
    pmid = {21826599}
}

@book{Nelson2011b,
    title = {{Lehninger Principles of Biochemistry}},
    year = {2011},
    booktitle = {Lheninger Principles of Biochemistry},
    author = {Nelson, David L and Cox, Michael M},
    edition = {4},
    publisher = {Freeman, W. H. {\&} Company},
    isbn = {0716770490},
    issn = {1672-0415},
    pmid = {21826599}
}

@article{Matsumoto2006,
    title = {{Lipid domains in bacterial membranes}},
    year = {2006},
    journal = {Molecular Microbiology},
    author = {Matsumoto, Kouji and Kusaka, Jin and Nishibori, Ayako and Hara, Hiroshi},
    number = {5},
    pages = {1110--1117},
    volume = {61},
    doi = {10.1111/j.1365-2958.2006.05317.x},
    issn = {0950382X}
}

@inproceedings{Ii2011,
    title = {{Lipidos{\_}bioquimica{\_}basica}},
    year = {2011},
    author = {Ii, Semestre},
    number = {1000042}
}

@book{1HarpavatS.NissimS.LipppincottsMicrocards:MicrobiologyFlashCards2012.,
    title = {{Lipppincott's Microcards: Microbiology Flash Cards}},
    year = {2012},
    author = {Harpavat, Sanjiv and Nissim, Sahar},
    edition = {3},
    pages = {308},
    publisher = {Lippincott Williams {\&} Wilkins},
    isbn = {9781451112191}
}

@book{HarpavatS.NissimS.LipppincottsMicrocards:MicrobiologyFlashCards2012.,
    title = {{Lipppincott's Microcards: Microbiology Flash Cards}},
    year = {2012},
    author = {Harpavat, Sanjiv and Nissim, Sahar},
    edition = {3},
    pages = {308},
    publisher = {Lippincott Williams {\&} Wilkins},
    isbn = {9781451112191}
}

@book{Personales1983,
    title = {{L{\'{o}}gica UNAD}},
    year = {1983},
    author = {Banh, Robert S and Iorio, Caterina and Marcotte, Richard and Xu, Yang and Cojocari, Dan and Abdel, Anas and Pawling, Judy and Hitomi, Toshiaki and Habu, Toshiyuki and Koizumi, Akio and Wilkins, Sarah E and Schofield, J and Dennis, James W and Wouters, Bradly G and Neel, Benjamin G and Personales, Datos and Profesional, Perfil and Matematico, Pensamiento Logico},
    pages = {2009--2011}
}

@misc{R.Courant1999,
    title = {{Matematicas - Introducci{\'{o}}n al c{\'{a}}lculo y al an{\'{a}}lisis matem{\'{a}}tico Vol.2}},
    year = {1999},
    author = {R. Courant, F. John}
}

@article{Features,
    title = {{MAVEN : Motion Analysis and Visualization of Elastic Networks and Structure Ensembles Version 1 . 1 User ’ s Manual Contents :}},
    author = {Features, Major and Overview, Interface and Generation, Model and Files, Prepare},
    pages = {1--30}
}

@article{Featuresb,
    title = {{MAVEN : Motion Analysis and Visualization of Elastic Networks and Structure Ensembles Version 1 . 1 User ’ s Manual Contents :}},
    author = {Features, Major and Overview, Interface and Generation, Model and Files, Prepare},
    pages = {1--30}
}

@article{Zimmermann2011,
    title = {{MAVENs: motion analysis and visualization of elastic networks and structural ensembles.}},
    year = {2011},
    journal = {BMC bioinformatics},
    author = {Zimmermann, Michael T and Kloczkowski, Andrzej and Jernigan, Robert L},
    number = {1},
    pages = {264},
    volume = {12},
    url = {http://www.biomedcentral.com/1471-2105/12/264},
    isbn = {1471-2105 (Electronic){\textbackslash}n1471-2105 (Linking)},
    doi = {10.1186/1471-2105-12-264},
    issn = {1471-2105},
    pmid = {21711533}
}

@article{Zimmermann2011b,
    title = {{MAVENs: motion analysis and visualization of elastic networks and structural ensembles.}},
    year = {2011},
    journal = {BMC bioinformatics},
    author = {Zimmermann, Michael T and Kloczkowski, Andrzej and Jernigan, Robert L},
    number = {1},
    pages = {264},
    volume = {12},
    url = {http://www.biomedcentral.com/1471-2105/12/264},
    isbn = {1471-2105 (Electronic){\{}{\textbackslash}textbackslash{\}}n1471-2105 (Linking)},
    doi = {10.1186/1471-2105-12-264},
    issn = {1471-2105},
    pmid = {21711533}
}

@article{Torrente,
    title = {{Mechanisms of PDGFRalpha promiscuity and PDGFRbeta specificity in association with PDGFB}},
    year = {2015},
    journal = {Frontiers in Bioscience - Elite},
    author = {Torrente, Daniel and Cabezas, Ricardo and Avila, Marcos and Sanchez, Yuly and Morales, Ludis and Ashraf, Ghulam Md and Barreto, George E and Gonzalez, Janneth and Aliev, Gjumrakch},
    number = {3},
    pages = {434--446},
    volume = {7E},
    url = {http://www.scopus.com/inward/record.url?eid=2-s2.0-84931271175&partnerID=tZOtx3y1},
    issn = {19450508},
    keywords = {Molecular modeling, PDGFRalpha, PDGFRbeta, Promiscuity, Specificity}
}

@book{Unknowna,
    title = {{Medical Microbiology}},
    year = {2013},
    author = {{Jawetz} and {Melnick} and {Adelberg's}},
    edition = {26},
    pages = {878},
    publisher = {McGraw-Hill},
    isbn = {9780071815789}
}

@book{Editor2010,
    title = {{Membrane Protein Structure Determination}},
    year = {2010},
    author = {Lacap{\`{e}}re, Jean-Jacques},
    editor = {Walker, John M.},
    pages = {472},
    volume = {654},
    publisher = {Humana Press},
    url = {http://link.springer.com/10.1007/978-1-60761-762-4},
    address = {Paris},
    isbn = {978-1-60761-761-7},
    doi = {10.1007/978-1-60761-762-4},
    issn = {1940-6029; 1064-3745},
    pmid = {20665265},
    arxivId = {arXiv:1011.1669v3}
}

@book{Editor2010b,
    title = {{Membrane Protein Structure Determination}},
    year = {2010},
    author = {Lacap{\`{e}}re, Jean-Jacques},
    editor = {Walker, John M},
    pages = {472},
    volume = {654},
    publisher = {Humana Press},
    url = {http://link.springer.com/10.1007/978-1-60761-762-4},
    address = {Paris},
    isbn = {978-1-60761-761-7},
    doi = {10.1007/978-1-60761-762-4},
    issn = {1940-6029; 1064-3745},
    pmid = {20665265},
    arxivId = {arXiv:1011.1669v3}
}

@article{Bisha2014,
    title = {{Metadynamics simulations reveal a Na+ independent exiting path of galactose for the inward-facing conformation of vSGLT}},
    year = {2014},
    journal = {PLoS computational biology},
    author = {Bisha, Ina and Rodriguez, Alex and Laio, Alessandro and Magistrato, Alessandra},
    editor = {MacKerell, Alexander},
    number = {12},
    month = {12},
    pages = {e1004017},
    volume = {10},
    url = {http://dx.plos.org/10.1371/journal.pcbi.1004017 http://www.ncbi.nlm.nih.gov/pubmed/25522004 http://www.pubmedcentral.nih.gov/articlerender.fcgi?artid=PMC4270436},
    doi = {10.1371/journal.pcbi.1004017},
    issn = {15537358},
    pmid = {25522004}
}

@article{Bisha2014b,
    title = {{Metadynamics simulations reveal a Na+ independent exiting path of galactose for the inward-facing conformation of vSGLT}},
    year = {2014},
    journal = {PLoS computational biology},
    author = {Bisha, Ina and Rodriguez, Alex and Laio, Alessandro and Magistrato, Alessandra},
    editor = {MacKerell, Alexander},
    number = {12},
    pages = {e1004017},
    volume = {10},
    url = {http://dx.plos.org/10.1371/journal.pcbi.1004017 http://www.ncbi.nlm.nih.gov/pubmed/25522004 http://www.pubmedcentral.nih.gov/articlerender.fcgi?artid=PMC4270436},
    doi = {10.1371/journal.pcbi.1004017},
    issn = {15537358},
    pmid = {25522004}
}

@book{VainshteinModernCrystallography,
    title = {{Modern Crystallography 1: Fundamentals of Crystals. Symmetry, and Methods of Structural Crystallography,}},
    author = {Vainshtein, Boris K},
    editor = {{Springer}},
    edition = {2nd},
    volume = {1}
}

@article{Losasso2019ModulationBilayers,
    title = {{Modulation of Antimicrobial Peptide Potency in Stressed Lipid Bilayers}},
    year = {2019},
    journal = {Physical Review Letters},
    author = {Losasso, Valeria and Hsiao, Ya-Wen and Martelli, Fausto and Winn, Martyn D and Crain, Jason},
    number = {20},
    pages = {208103},
    volume = {122},
    publisher = {American Physical Society},
    url = {https://link.aps.org/doi/10.1103/PhysRevLett.122.208103},
    doi = {10.1103/PhysRevLett.122.208103},
    issn = {0031-9007},
    keywords = {doi:10.1103/PhysRevLett.122.208103 url:https://doi}
}

@article{Losasso2019ModulationBilayersb,
    title = {{Modulation of Antimicrobial Peptide Potency in Stressed Lipid Bilayers}},
    year = {2019},
    journal = {Physical Review Letters},
    author = {Losasso, Valeria and Hsiao, Ya-Wen and Martelli, Fausto and Winn, Martyn D and Crain, Jason},
    number = {20},
    pages = {208103},
    volume = {122},
    publisher = {American Physical Society},
    url = {https://link.aps.org/doi/10.1103/PhysRevLett.122.208103},
    doi = {10.1103/PhysRevLett.122.208103},
    issn = {0031-9007},
    keywords = {doi:10.1103/PhysRevLett.122.208103 url:https://doi}
}

@article{Turk2000,
    title = {{Molecular characterization of Vibrio parahaemolyticus vSGLT. A model for sodium-coupled sugar cotransporters}},
    year = {2000},
    journal = {Journal of Biological Chemistry},
    author = {Turk, E. and Kim, O. and Le Coutre, J. and Whitelegge, J. P. and Eskandari, S. and Lam, J. T. and Kreman, M. and Zampighi, G. and Faull, K. F. and Wright, E. M.},
    number = {33},
    pages = {25711--25716},
    volume = {275},
    isbn = {0021-9258 (Print)},
    doi = {10.1074/jbc.M003127200},
    issn = {00219258},
    pmid = {10835424}
}

@article{Turk2000b,
    title = {{Molecular characterization of Vibrio parahaemolyticus vSGLT. A model for sodium-coupled sugar cotransporters}},
    year = {2000},
    journal = {Journal of Biological Chemistry},
    author = {Turk, E and Kim, O and Le Coutre, J and Whitelegge, J P and Eskandari, S and Lam, J T and Kreman, M and Zampighi, G and Faull, K F and Wright, E M},
    number = {33},
    pages = {25711--25716},
    volume = {275},
    isbn = {0021-9258 (Print)},
    doi = {10.1074/jbc.M003127200},
    issn = {00219258},
    pmid = {10835424}
}

@article{Pan2012,
    title = {{Molecular structures of fluid phase phosphatidylglycerol bilayers as determined by small angle neutron and X-ray scattering}},
    year = {2012},
    journal = {Biochimica et Biophysica Acta (BBA) - Biomembranes},
    author = {Pan, Jianjun and Heberle, Frederick A. and Tristram-Nagle, Stephanie and Szymanski, Michelle and Koepfinger, Mary and Katsaras, John and Ku{\v{c}}erka, Norbert},
    number = {9},
    month = {9},
    pages = {2135--2148},
    volume = {1818},
    url = {https://linkinghub.elsevier.com/retrieve/pii/S0005273612001551},
    isbn = {6176321972},
    doi = {10.1016/j.bbamem.2012.05.007},
    issn = {00052736},
    pmid = {1000000221},
    keywords = {epiblast, gfp fusion, histone h2b-, icm, lineage specification, live imaging, mouse blastocyst, pdgfr {$\alpha$}, primitive endoderm}
}

@article{Elber1987,
    title = {{Multiple conformational states of proteins: a molecular dynamics analysis of myoglobin}},
    year = {1987},
    journal = {Science},
    author = {Elber, R and Karplus, M},
    number = {4786},
    month = {1},
    pages = {318--321},
    volume = {235},
    url = {http://www.sciencemag.org/cgi/doi/10.1126/science.3798113},
    doi = {10.1126/science.3798113},
    issn = {0036-8075}
}

@article{Elber1987b,
    title = {{Multiple conformational states of proteins: a molecular dynamics analysis of myoglobin}},
    year = {1987},
    journal = {Science},
    author = {Elber, R and Karplus, M},
    number = {4786},
    pages = {318--321},
    volume = {235},
    url = {http://www.sciencemag.org/cgi/doi/10.1126/science.3798113},
    doi = {10.1126/science.3798113},
    issn = {0036-8075}
}

@article{Ferrandino2016,
    title = {{Na + coordination at the Na2 site of the Na + /I −  symporter}},
    year = {2016},
    journal = {Proceedings of the National Academy of Sciences},
    author = {Ferrandino, Giuseppe and Nicola, Juan Pablo and S{\'{a}}nchez, Yuly E. and Echeverria, Ignacia and Liu, Yunlong and Amzel, L. Mario and Carrasco, Nancy},
    pages = {201607231},
    url = {http://www.pnas.org/lookup/doi/10.1073/pnas.1607231113},
    doi = {10.1073/pnas.1607231113}
}

@article{Ferrandino2016b,
    title = {{Na + coordination at the Na2 site of the Na + /I − symporter}},
    year = {2016},
    journal = {Proceedings of the National Academy of Sciences},
    author = {Ferrandino, Giuseppe and Nicola, Juan Pablo and S{\'{a}}nchez, Yuly E and Echeverria, Ignacia and Liu, Yunlong and Amzel, L Mario and Carrasco, Nancy},
    pages = {201607231},
    url = {http://www.pnas.org/lookup/doi/10.1073/pnas.1607231113},
    doi = {10.1073/pnas.1607231113}
}

@article{1NoTitle,
    title = {{No Title}},
    year = {1},
    journal = {a},
    number = {q},
    pages = {q},
    isbn = {r},
    doi = {e},
    issn = {t},
    arxivId = {w}
}

@article{0NoTitle,
    title = {{No Title}}
}

@article{Dykeman2010,
    title = {{Normal mode analysis and applications in biological physics}},
    year = {2010},
    journal = {J. Phys.: Condens. Matter},
    author = {Dykeman, Eric C and Sankey, Otto F},
    number = {22},
    pages = {423202--26},
    volume = {22},
    url = {http://iopscience.iop.org/0953-8984/22/42/423202},
    doi = {10.1088/0953-8984/22/42/423202}
}

@article{Dykeman2010b,
    title = {{Normal mode analysis and applications in biological physics}},
    year = {2010},
    journal = {J. Phys.: Condens. Matter},
    author = {Dykeman, Eric C and Sankey, Otto F},
    number = {22},
    pages = {423202--423226},
    volume = {22},
    url = {http://iopscience.iop.org/0953-8984/22/42/423202},
    doi = {10.1088/0953-8984/22/42/423202}
}

@article{Ramon,
    title = {{Normal Mode Analysis Techniques in Structural Biology}},
    year = {2014},
    author = {L{\'{o}}pez-Blanco, Jos\'{e} Ram\'{o}n and Miyashita, Osamu and Tama, Florence and Chac{\'{o}}n, Pablo},
    doi = {10.1002/9780470015902.a0020204.pub2}
}

@article{Ramonb,
    title = {{Normal Mode Analysis Techniques in Structural Biology}},
    year = {2014},
    author = {L{\'{o}}pez-Blanco, José Ramón and Miyashita, Osamu and Tama, Florence and Chac{\'{o}}n, Pablo},
    doi = {10.1002/9780470015902.a0020204.pub2}
}

@book{Cui2006,
    title = {{Normal Mode Analysis Theory and Applications}},
    year = {2006},
    booktitle = {Biomedical Engineering},
    author = {Cui, Quiang and Bahar, Ivet},
    pages = {448},
    isbn = {9781584884729}
}

@article{Ben-Avraham1998,
    title = {{Normal modes analyses of macromolecules}},
    year = {1998},
    journal = {Physica A: Statistical Mechanics and its Applications},
    author = {Ben-Avraham, Daniel and Tirion, Monique M.},
    number = {1–4},
    pages = {415--423},
    volume = {249},
    url = {http://www.sciencedirect.com/science/article/pii/S0378437197005013%5Cnhttp://www.sciencedirect.com/science?_ob=MiamiImageURL&_cid=271529&_user=4222506&_pii=S0378437197005013&_check=y&_origin=article&_zone=toolbar&_coverDate=02-Jan-1998&view=c&originConten},
    doi = {10.1016/S0378-4371(97)00501-3},
    issn = {0378-4371}
}

@article{Ben-Avraham1998b,
    title = {{Normal modes analyses of macromolecules}},
    year = {1998},
    journal = {Physica A: Statistical Mechanics and its Applications},
    author = {Ben-Avraham, Daniel and Tirion, Monique M},
    number = {1–4},
    pages = {415--423},
    volume = {249},
    url = {http://www.sciencedirect.com/science/article/pii/S0378437197005013%5Cnhttp://www.sciencedirect.com/science?_ob=MiamiImageURL&_cid=271529&_user=4222506&_pii=S0378437197005013&_check=y&_origin=article&_zone=toolbar&_coverDate=02-Jan-1998&view=c&originConten},
    doi = {10.1016/S0378-4371(97)00501-3},
    issn = {0378-4371}
}

@article{Hayward2008,
    title = {{Normal modes and essential dynamics}},
    year = {2008},
    journal = {Methods in Molecular Biology},
    author = {Hayward, Steven and de Groot, Bert L.},
    pages = {89--106},
    volume = {443},
    isbn = {9781588298645},
    doi = {10.1007/978-1-59745-177-2-5},
    issn = {10643745},
    pmid = {18446283},
    keywords = {Collective protein dynamics, Conformational flooding, Conformational sampling, Elastic network, Principal component analysis}
}

@article{Hayward2008b,
    title = {{Normal modes and essential dynamics}},
    year = {2008},
    journal = {Methods in Molecular Biology},
    author = {Hayward, Steven and de Groot, Bert L},
    pages = {89--106},
    volume = {443},
    isbn = {9781588298645},
    doi = {10.1007/978-1-59745-177-2-5},
    issn = {10643745},
    pmid = {18446283},
    keywords = {Collective protein dynamics, Conformational flooding, Conformational sampling, Elastic network, Principal component analysis}
}

@article{Lomize2012OPMMembranes,
    title = {{OPM database and PPM web server: resources for positioning of proteins in membranes}},
    year = {2012},
    author = {Lomize, Mikhail A and Pogozheva, Irina D and Joo, Hyeon and Mosberg, Henry I and Lomize, Andrei L},
    number = {September 2011},
    pages = {370--376},
    volume = {40},
    doi = {10.1093/nar/gkr703}
}

@article{Downes2010,
    title = {{Optical Spectroscopy for Noninvasive Monitoring of Stem Cell Differentiation}},
    year = {2010},
    journal = {Journal of Biomedicine and Biotechnology},
    author = {Downes, Andrew and Mouras, Rabah and Elfick, Alistair},
    number = {February},
    pages = {1--10},
    volume = {2010},
    doi = {10.1155/2010/101864},
    issn = {1110-7243}
}

@book{Hecht2002,
    title = {{Optics}},
    year = {2002},
    author = {Hecht, Eugenge},
    publisher = {Addison Wesley},
    url = {www.aw.com/physics}
}

@article{Takakuwa2013OptimizingOscillation,
    title = {{Optimizing the Conditions for Residual Stress Measurement Using a Two-Dimensional XRD Method with Specimen Oscillation}},
    year = {2013},
    journal = {Advances in Materials Physics and Chemistry},
    author = {Takakuwa, Osamu and Soyama, Hitoshi},
    number = {01},
    pages = {8--18},
    volume = {03},
    publisher = {Scientific Research Publishing},
    url = {http://www.scirp.org/journal/PaperDownload.aspx?DOI=10.4236/ampc.2013.31A002},
    doi = {10.4236/ampc.2013.31A002},
    issn = {2162-531X}
}

@article{Esta2009,
    title = {{Para los que no pasaron en ex{\'{a}}menes pasados y para los que no pasaran nunca a la UNAL :}},
    year = {2009},
    author = {Esta, Y a and El, Disponible and Octubre, Examen D E}
}

@book{Kobayashi2015PathogenesisAbscesses,
    title = {{Pathogenesis of Staphylococcus aureus abscesses}},
    year = {2015},
    booktitle = {American Journal of Pathology},
    author = {Kobayashi, Scott D and Malachowa, Natalia and Deleo, Frank R},
    number = {6},
    pages = {1518--1527},
    volume = {185},
    publisher = {Elsevier Inc.},
    url = {http://dx.doi.org/10.1016/B978-0-12-809671-0.00002-4},
    isbn = {9780128096710},
    doi = {10.1016/j.ajpath.2014.11.030},
    issn = {15252191}
}

@article{Palma2015,
    title = {{PE and PS Lipids Synergistically Enhance Membrane Poration by a Peptide with Anticancer Properties}},
    year = {2015},
    journal = {Biophysical Journal},
    author = {Palma, Mario Sergio and Beales, Paul A. and Neto, João Ruggiero and Connell, Simon D. and Leite, Natália Bueno and Aufderhorst-Roberts, Anders},
    number = {5},
    pages = {936--947},
    volume = {109},
    doi = {10.1016/j.bpj.2015.07.033},
    issn = {00063495}
}

@book{Serway1988,
    title = {{Physics for Scientists and Engineers with Modern Physics}},
    year = {1988},
    booktitle = {The Physics Teacher},
    author = {Serway, Raymond a. and Kirkpatrick, Larry D.},
    number = {4},
    pages = {254},
    volume = {26},
    isbn = {9781439048443},
    doi = {10.1119/1.2342517},
    issn = {0031921X},
    pmid = {2361517}
}

@article{Lipkin2004,
    title = {{Physics of Debye-Waller Factors}},
    year = {2004},
    author = {Lipkin, Harry J},
    arxivId = {arXiv:cond-mat/0405023v1},
    archivePrefix = {arXiv},
    eprint = {0405023v1},
    primaryClass = {cond-mat}
}

@article{Lipkin2004b,
    title = {{Physics of Debye-Waller Factors}},
    year = {2004},
    author = {Lipkin, Harry J},
    arxivId = {cond-mat/0405023v1}
}

@article{Marshall1981PigmentsCarotenoids,
    title = {{Pigments of Staphylococcus aureus, a series of triterpenoid carotenoids}},
    year = {1981},
    journal = {Journal of Bacteriology},
    author = {Marshall, J H and Wilmoth, G J},
    number = {3},
    pages = {900--913},
    volume = {147},
    issn = {00219193}
}

@article{PracticasPARTE,
    title = {{Pr{\'{a}}cticas de Laboratorio sugeridas para el curso de FLUIDOS Y ELECTROMAGNETISMO PARA BIOCIENCIAS 0 PAUTAS Y SUGERENCIAS PARA LA REDACCI{\'{O}}N DE INFORMES 1 PRACTICA DE LABORATORIO 1: MEDICION PRIMERA PARTE}}
}

@article{Cuantica2015,
    title = {{PRINCIPfOS DE MECANICA CUANTICA}},
    year = {2015},
    author = {Cuantica, Principfos D E Mecanica},
    number = {2007},
    pages = {1--12},
    volume = {40}
}

@book{Lakowicz2006,
    title = {{Principles of fluorescence spectroscopy}},
    year = {2006},
    booktitle = {Principles of Fluorescence Spectroscopy},
    author = {Lakowicz, Joseph R},
    pages = {1--954},
    publisher = {Springer Science},
    address = {Baltimore},
    isbn = {0387312781},
    doi = {10.1007/978-0-387-46312-4},
    issn = {00032697},
    pmid = {7633532},
    arxivId = {arXiv:1011.1669v3}
}

@article{Gas2004,
    title = {{PV = nRT}},
    year = {2004},
    author = {Gas, Technical Reference},
    pages = {1--6}
}

@article{Gas2004b,
    title = {{PV = nRT}},
    year = {2004},
    author = {Gas, Technical Reference},
    pages = {1--6}
}

@article{KelliNicoleKazmier2013,
    title = {{Revealing the Mechanistic Diversity of the LeuT Fold: A Comparative Analysis of the Leucine Transporter and the Hydantoin Transporter using Electron Paramagnetic Resonance Spectroscopy}},
    year = {2013},
    author = {Kelli Nicole Kazmier, By and Cobb, Charles E and Blakely, Randy D and Borden Lacy, D and Meiler, Jens}
}

@article{KelliNicoleKazmier2013b,
    title = {{Revealing the Mechanistic Diversity of the LeuT Fold: A Comparative Analysis of the Leucine Transporter and the Hydantoin Transporter using Electron Paramagnetic Resonance Spectroscopy}},
    year = {2013},
    author = {Kelli Nicole Kazmier, By and Cobb, Charles E and Blakely, Randy D and Borden Lacy, D and Meiler, Jens}
}

@article{Hamilton2013,
    title = {{Robert K. Crane-Na+-glucose cotransporter to cure?}},
    year = {2013},
    journal = {Frontiers in Physiology},
    author = {Hamilton, Kirk L.},
    number = {March},
    pages = {1--5},
    volume = {4 MAR},
    doi = {10.3389/fphys.2013.00053},
    issn = {1664042X},
    pmid = {23525627},
    keywords = {Cholera, Diarrhea, Oral rehydration therapy, SGLT1, Sodium-glucose cotransporter}
}

@article{Hamilton2013b,
    title = {{Robert K. Crane-Na+-glucose cotransporter to cure?}},
    year = {2013},
    journal = {Frontiers in Physiology},
    author = {Hamilton, Kirk L},
    number = {March},
    pages = {1--5},
    volume = {4 MAR},
    doi = {10.3389/fphys.2013.00053},
    issn = {1664042X},
    pmid = {23525627},
    keywords = {Cholera, Diarrhea, Oral rehydration therapy, SGLT1, Sodium-glucose cotransporter}
}

@article{Andreeva2014,
    title = {{SCOP2 prototype: A new approach to protein structure mining}},
    year = {2014},
    journal = {Nucleic Acids Research},
    author = {Andreeva, Antonina and Howorth, Dave and Chothia, Cyrus and Kulesha, Eugene and Murzin, Alexey G.},
    number = {D1},
    volume = {42},
    isbn = {1362-4962 (Electronic){\textbackslash}r0305-1048 (Linking)},
    doi = {10.1093/nar/gkt1242},
    issn = {03051048},
    pmid = {24293656}
}

@article{Andreeva2014b,
    title = {{SCOP2 prototype: A new approach to protein structure mining}},
    year = {2014},
    journal = {Nucleic Acids Research},
    author = {Andreeva, Antonina and Howorth, Dave and Chothia, Cyrus and Kulesha, Eugene and Murzin, Alexey G},
    number = {D1},
    volume = {42},
    isbn = {1362-4962 (Electronic){\{}{\textbackslash}textbackslash{\}}r0305-1048 (Linking)},
    doi = {10.1093/nar/gkt1242},
    issn = {03051048},
    pmid = {24293656}
}

@article{Hubbard1999,
    title = {{SCOP: A structural classification of proteins database}},
    year = {1999},
    journal = {Nucleic Acids Research},
    author = {Hubbard, Tim J P and Ailey, Bart and Brenner, Steven E. and Murzin, Alexey G. and Chothia, Cyrus},
    number = {1},
    pages = {254--256},
    volume = {27},
    isbn = {0305-1048 (Print){\textbackslash}r0305-1048 (Linking)},
    doi = {10.1093/nar/27.1.254},
    issn = {03051048},
    pmid = {9847194},
    arxivId = {arXiv:0912.3967v1},
    keywords = {evolutionary, folds, protein families, superfamilies}
}

@article{Hubbard1999b,
    title = {{SCOP: A structural classification of proteins database}},
    year = {1999},
    journal = {Nucleic Acids Research},
    author = {Hubbard, Tim J P and Ailey, Bart and Brenner, Steven E and Murzin, Alexey G and Chothia, Cyrus},
    number = {1},
    pages = {254--256},
    volume = {27},
    isbn = {0305-1048 (Print){\{}{\textbackslash}textbackslash{\}}r0305-1048 (Linking)},
    doi = {10.1093/nar/27.1.254},
    issn = {03051048},
    pmid = {9847194},
    arxivId = {arXiv:0912.3967v1},
    keywords = {evolutionary, folds, protein families, superfamilies}
}

@article{Bhutia2016,
    title = {{SLC transporters as a novel class of tumour suppressors: identity, function and molecular mechanisms}},
    year = {2016},
    journal = {Biochemical Journal},
    author = {Bhutia, Yangzom D and Babu, Ellappan and Ramachandran, Sabarish and Yang, Shengping and Thangaraju, Muthusamy and Ganapathy, Vadivel},
    number = {9},
    month = {5},
    pages = {1113--1124},
    volume = {473},
    url = {http://biochemj.org/cgi/doi/10.1042/BJ20150751},
    doi = {10.1042/BJ20150751},
    issn = {0264-6021},
    pmid = {27118869},
    keywords = {citrate metabolism, hdac, histone deacetylases, inhibition, ph regulation, slc transporters, tumour suppressors}
}

@article{Bhutia2016b,
    title = {{SLC transporters as a novel class of tumour suppressors: identity, function and molecular mechanisms}},
    year = {2016},
    journal = {Biochemical Journal},
    author = {Bhutia, Yangzom D and Babu, Ellappan and Ramachandran, Sabarish and Yang, Shengping and Thangaraju, Muthusamy and Ganapathy, Vadivel},
    number = {9},
    pages = {1113--1124},
    volume = {473},
    url = {http://biochemj.org/cgi/doi/10.1042/BJ20150751},
    doi = {10.1042/BJ20150751},
    issn = {0264-6021},
    pmid = {27118869},
    keywords = {citrate metabolism, hdac, histone deacetylases, inhibition, ph regulation, slc transporters, tumour suppressors}
}

@book{N.W.AshcroftN.D.Mermin1976b,
    title = {{Solid State Physics}},
    year = {1976},
    author = {{N.W. Ashcroft; N.D. Mermin}},
    isbn = {0-03-083993-9}
}

@article{Adelman2016,
    title = {{Stochastic steps in secondary active sugar transport}},
    year = {2016},
    journal = {Proceedings of the National Academy of Sciences},
    author = {Adelman, Joshua L and Ghezzi, Chiara and Bisignano, Paola and Loo, Donald D F and Choe, Seungho and Abramson, Jeff and Rosenberg, John M and Wright, Ernest M and Grabe, Michael},
    number = {27},
    month = {7},
    pages = {E3960-E3966},
    volume = {113},
    url = {http://www.pnas.org/content/113/27/E3960.abstract http://www.pnas.org/lookup/doi/10.1073/pnas.1525378113},
    doi = {10.1073/pnas.1525378113},
    issn = {0027-8424}
}

@article{Adelman2016b,
    title = {{Stochastic steps in secondary active sugar transport}},
    year = {2016},
    journal = {Proceedings of the National Academy of Sciences},
    author = {Adelman, Joshua L and Ghezzi, Chiara and Bisignano, Paola and Loo, Donald D F and Choe, Seungho and Abramson, Jeff and Rosenberg, John M and Wright, Ernest M and Grabe, Michael},
    number = {27},
    pages = {E3960-E3966},
    volume = {113},
    url = {http://www.pnas.org/content/113/27/E3960.abstract http://www.pnas.org/lookup/doi/10.1073/pnas.1525378113},
    doi = {10.1073/pnas.1525378113},
    issn = {0027-8424}
}

@article{StructuralBonding,
    title = {{Structural Biochemistry/Organic Chemistry/Important Organic Reactions in Biochemistry/Peptide Bonding}}
}

@article{Karpowich2008,
    title = {{STRUCTURAL BIOLOGY: Symmetric Transporters for Asymmetric Transport}},
    year = {2008},
    journal = {Science},
    author = {Karpowich, N. K. and Wang, D.-N.},
    number = {5890},
    pages = {781--782},
    volume = {321},
    url = {http://www.sciencemag.org/cgi/doi/10.1126/science.1161495},
    doi = {10.1126/science.1161495},
    issn = {0036-8075}
}

@article{Karpowich2008b,
    title = {{STRUCTURAL BIOLOGY: Symmetric Transporters for Asymmetric Transport}},
    year = {2008},
    journal = {Science},
    author = {Karpowich, N K and Wang, D.-N.},
    number = {5890},
    pages = {781--782},
    volume = {321},
    url = {http://www.sciencemag.org/cgi/doi/10.1126/science.1161495},
    doi = {10.1126/science.1161495},
    issn = {0036-8075}
}

@article{Adelman2014,
    title = {{Structural determinants of water permeation through the sodium-galactose transporter vSGLT}},
    year = {2014},
    journal = {Biophysical Journal},
    author = {Adelman, Joshua L. and Sheng, Ying and Choe, Seungho and Abramson, Jeff and Wright, Ernest M. and Rosenberg, John M. and Grabe, Michael},
    isbn = {0006-3495},
    doi = {10.1016/j.bpj.2014.01.006},
    issn = {15420086},
    pmid = {24655503}
}

@article{Lovell2003,
    title = {{Structure validation by C alpha geometry: phi,psi and C beta deviation}},
    year = {2003},
    journal = {Proteins-Structure Function and Genetics},
    author = {Lovell, Simon C and Davis, Ian W and Adrendall, W B and de Bakker, P I W and Word, J Michael and Prisant, Michael G and Richardson, J S and Richardson, David C},
    number = {August 2002},
    pages = {437--450},
    volume = {50},
    url = {http://onlinelibrary.wiley.com/store/10.1002/prot.10286/asset/10286_ftp.pdf?v=1&t=gwhx9jy0&s=b3b0f129a5acf7f4513aea04d22aad7ee4f4a89d},
    isbn = {0887-3585},
    doi = {10.1002/prot.10286},
    issn = {1097-0134},
    pmid = {12557186},
    keywords = {3D protein structure, Biochemistry {\&} Molecular Biology, Biophysics, CRYSTAL-STRUCTURE, FOLDED CONFORMATION, PEPTIDES, POLYPEPTIDE BACKBONE, PROTEIN STRUCTURES, REFINEMENT, RESOLUTION, Ramachandran plot, SIDE-CHAIN, SITES, STRAIN, all-atom contact analysis, bond-angle deviations, gamma-turn, strained conformations}
}

@article{Lovell2003b,
    title = {{Structure validation by C alpha geometry: phi,psi and C beta deviation}},
    year = {2003},
    journal = {Proteins-Structure Function and Genetics},
    author = {Lovell, Simon C and Davis, Ian W and Adrendall, W B and de Bakker, P I W and Word, J Michael and Prisant, Michael G and Richardson, J S and Richardson, David C},
    number = {August 2002},
    pages = {437--450},
    volume = {50},
    url = {http://onlinelibrary.wiley.com/store/10.1002/prot.10286/asset/10286_ftp.pdf?v=1&t=gwhx9jy0&s=b3b0f129a5acf7f4513aea04d22aad7ee4f4a89d},
    isbn = {0887-3585},
    doi = {10.1002/prot.10286},
    issn = {1097-0134},
    pmid = {12557186},
    keywords = {3D protein structure, Biochemistry {\&} Molecular Biology, Biophysics, CRYSTAL-STRUCTURE, FOLDED CONFORMATION, PEPTIDES, POLYPEPTIDE BACKBONE, PROTEIN STRUCTURES, REFINEMENT, RESOLUTION, Ramachandran plot, SIDE-CHAIN, SITES, STRAIN, all-atom contact analysis, bond-angle deviations, gamma-turn, strained conformations}
}

@phdthesis{Huang2007,
    title = {{Study of Mining Protein Structural Properties and its Application}},
    year = {2007},
    author = {Huang, Yu-Feng and Huang, Chien-Kang},
    pages = {82},
    school = {National Taiwan University}
}

@phdthesis{Huang2007b,
    title = {{Study of Mining Protein Structural Properties and its Application}},
    year = {2007},
    author = {Huang, Yu-Feng and Huang, Chien-Kang},
    pages = {82},
    school = {National Taiwan University}
}

@article{Faham2008SupportingSymport,
    title = {{Supporting Online Material for The Crystal Structure of a Sodium Galactose Transporter Reveals Mechanistic Insights into Na + /Sugar Symport}},
    year = {2008},
    author = {Faham, Salem and Watanabe, Akira and Besserer, Gabriel Mercado and Cascio, Duilio and Specht, Alexandre and Hirayama, Bruce A and Wright, Ernest M and Abramson, Jeff},
    url = {www.sciencemag.org/cgi/content/full/1160406/DC1},
    doi = {10.1126/science.1160406}
}

@article{Ramirez,
    title = {{Taller 2-Matem{\'{a}}ticas II}},
    author = {Ram{\'{i}}rez, Sara and Sean, I}
}

@article{Ramirezb,
    title = {{Taller 2-Matem{\'{a}}ticas II}},
    author = {Ram{\'{i}}rez, Sara and Sean, I}
}

@article{0Taller2.2,
    title = {{taller2.2}}
}

@article{Meylan2018,
    title = {{Targeting Antibiotic Tolerance, Pathogen by Pathogen}},
    year = {2018},
    journal = {Cell},
    author = {Meylan, Sylvain and Andrews, Ian W. and Collins, James J.},
    number = {6},
    pages = {1228--1238},
    volume = {172},
    publisher = {Elsevier Inc.},
    url = {https://doi.org/10.1016/j.cell.2018.01.037},
    isbn = {00928674 (ISSN)},
    doi = {10.1016/j.cell.2018.01.037},
    issn = {10974172},
    pmid = {29522744}
}

@article{Meylan2018b,
    title = {{Targeting Antibiotic Tolerance, Pathogen by Pathogen}},
    year = {2018},
    journal = {Cell},
    author = {Meylan, Sylvain and Andrews, Ian W and Collins, James J},
    number = {6},
    pages = {1228--1238},
    volume = {172},
    publisher = {Elsevier Inc.},
    url = {https://doi.org/10.1016/j.cell.2018.01.037},
    isbn = {00928674 (ISSN)},
    doi = {10.1016/j.cell.2018.01.037},
    issn = {10974172},
    pmid = {29522744}
}

@article{Maris1978,
    title = {{Teaching the renormalization group}},
    year = {1978},
    journal = {American Journal of Physics},
    author = {Maris, Humphrey J. and Kadanoff, Leo P.},
    number = {6},
    pages = {652--657},
    volume = {46},
    url = {http://aapt.scitation.org/doi/10.1119/1.11224},
    isbn = {0002-9505},
    doi = {10.1119/1.11224},
    issn = {0002-9505}
}

@article{Nitta,
    title = {{Th e M a n g a G u i de to ™}},
    author = {Nitta, Hideo and Yamamoto, Masafumi and Takatsu, Keita}
}

@article{Eyal2015,
    title = {{The anisotropic network model web server at 2015 (ANM 2.0)}},
    year = {2015},
    journal = {Bioinformatics},
    author = {Eyal, Eran and Lum, Gengkon and Bahar, Ivet},
    number = {9},
    pages = {1487--1489},
    volume = {31},
    doi = {10.1093/bioinformatics/btu847},
    issn = {14602059},
    pmid = {25568280}
}

@article{Eyal2015b,
    title = {{The anisotropic network model web server at 2015 (ANM 2.0)}},
    year = {2015},
    journal = {Bioinformatics},
    author = {Eyal, Eran and Lum, Gengkon and Bahar, Ivet},
    number = {9},
    pages = {1487--1489},
    volume = {31},
    doi = {10.1093/bioinformatics/btu847},
    issn = {14602059},
    pmid = {25568280}
}

@book{Injury,
    title = {{The Back, Vertebral Column, and Spinal Cord}},
    year = {2007},
    booktitle = {Gu{\'{i}}a de Actuaci{\'{o}}n de Enfermer{\'{i}}a: Manual de Procedimientos Generales},
    author = {{นคเรศ รังควัต.} and Injury, Crush Chest and Injury, Crush Chest and Injury, Eye and Convulsions, Febrile and Injuries, Head and Attack, Heart and Exhaustion, Heat and Stroke, Heat and Bleeding, Internal and Position, Recovery and Injury, Spinal and Ballesta L{\'{o}}pez, Francisco Javier and Blanes Compa{\~{n}}, Francisco Vicente and Castells Molina, Miguel and Domingo Pozo, Manuela and Fern{\'{a}}ndez Molina, Miguel Ángel and G{\'{o}}mez Robles, Francisco Javier and Izquierdo Garc{\'{i}}a, Nieves and Mart{\'{i}}n Garc{\'{i}}a, Mª Dolores and Pay{\'{a}} P{\'{e}}rez, Belén and P{\'{e}}rez V{\'{a}}zquez, Bienvenida and Sastre Quintano, Alicia and Segura Cuenca, Mercedes and Torres Figueiras, María and {Carmine D Clemente}},
    pages = {369--408},
    isbn = {978-1-58255-889-9},
    issn = {1098-6596},
    pmid = {25246403},
    arxivId = {arXiv:1011.1669v3}
}

@article{Smith1996,
    title = {{The concept of a random coil. Residual structure in peptides and denatured proteins.}},
    year = {1996},
    journal = {Folding {\&} design},
    author = {Smith, L J and Fiebig, K M and Schwalbe, H and Dobson, C M},
    number = {5},
    pages = {R95-R106},
    volume = {1},
    isbn = {1359-0278},
    doi = {10.1016/S1359-0278(96)00046-6},
    issn = {13590278},
    pmid = {9080177}
}

@article{Smith1996b,
    title = {{The concept of a random coil. Residual structure in peptides and denatured proteins.}},
    year = {1996},
    journal = {Folding {\&} design},
    author = {Smith, L J and Fiebig, K M and Schwalbe, H and Dobson, C M},
    number = {5},
    pages = {R95-R106},
    volume = {1},
    isbn = {1359-0278},
    doi = {10.1016/S1359-0278(96)00046-6},
    issn = {13590278},
    pmid = {9080177}
}

@article{Weng2008,
    title = {{The conformational coupling and translocation mechanism of vitamin B 12 ATP-binding cassette transporter BtuCD}},
    year = {2008},
    journal = {Biophysical Journal},
    author = {Weng, Jingwei and Ma, Jianpeng and Fan, Kangnian and Wang, Wenning},
    number = {2},
    pages = {612--621},
    volume = {94},
    doi = {10.1529/biophysj.107.110734},
    issn = {00063495}
}

@article{Faham2008,
    title = {{The crystal structure of a sodium galactose transporter reveals mechanistic insights into Na+/sugar symport}},
    year = {2008},
    journal = {Science (New York, N.Y.)},
    author = {Faham, Salem and Watanabe, Akira and Besserer, Gabriel Mercado and Cascio, Duilio and Specht, Alexandre and Hirayama, Bruce A and Wright, Ernest M and Abramson, Jeff},
    number = {5890},
    pages = {810--814},
    volume = {321},
    url = {http://www.ncbi.nlm.nih.gov/pubmed/18599740},
    isbn = {1095-9203 (Electronic)},
    doi = {10.1126/science.1160406},
    issn = {1095-9203},
    pmid = {18599740},
    arxivId = {NIHMS150003}
}

@article{Faham2008b,
    title = {{The crystal structure of a sodium galactose transporter reveals mechanistic insights into Na+/sugar symport}},
    year = {2008},
    journal = {Science (New York, N.Y.)},
    author = {Faham, Salem and Watanabe, Akira and Besserer, Gabriel Mercado and Cascio, Duilio and Specht, Alexandre and Hirayama, Bruce A and Wright, Ernest M and Abramson, Jeff},
    number = {5890},
    pages = {810--814},
    volume = {321},
    url = {http://www.ncbi.nlm.nih.gov/pubmed/18599740},
    isbn = {1095-9203 (Electronic)},
    doi = {10.1126/science.1160406},
    issn = {1095-9203},
    pmid = {18599740},
    arxivId = {NIHMS150003}
}

@article{Rader2006,
    title = {{The Gaussian Network Model: theory and applications}},
    year = {2006},
    journal = {Normal Mode Analysis - theory and applications to biological and chemical systems},
    author = {Rader, A J and Chennubhotla, Chakra and Yang, Lee-Wei and Bahar, Ivet},
    number = {20},
    pages = {41--64},
    volume = {10},
    isbn = {158488472X},
    keywords = {analysis, coarse, grained, mode, models, normal}
}

@article{Rader2006b,
    title = {{The Gaussian Network Model: theory and applications}},
    year = {2006},
    journal = {Normal Mode Analysis - theory and applications to biological and chemical systems},
    author = {Rader, A J and Chennubhotla, Chakra and Yang, Lee-Wei and Bahar, Ivet},
    number = {20},
    pages = {41--64},
    volume = {10},
    isbn = {158488472X},
    keywords = {analysis, coarse, grained, mode, models, normal}
}

@article{Watanabe2010,
    title = {{The mechanism of sodium and substrate release from the binding pocket of vSGLT.}},
    year = {2010},
    journal = {Nature},
    author = {Watanabe, Akira and Choe, Seungho and Chaptal, Vincent and Rosenberg, John M and Wright, Ernest M and Grabe, Michael and Abramson, Jeff},
    number = {7326},
    pages = {988--91},
    volume = {468},
    publisher = {Nature Publishing Group},
    url = {http://www.pubmedcentral.nih.gov/articlerender.fcgi?artid=3736980&tool=pmcentrez&rendertype=abstract},
    isbn = {1476-4687 (Electronic){\textbackslash}n0028-0836 (Linking)},
    doi = {10.1038/nature09580},
    issn = {1476-4687},
    pmid = {21131949},
    keywords = {Allosteric Regulation, Binding Sites, Biological Transport, Crystallography, X-Ray, Galactose, Galactose: metabolism, Models, Molecular, Molecular Dynamics Simulation, Protein Conformation, Sodium, Sodium: metabolism, Symporters, Symporters: chemistry, Symporters: metabolism, Vibrio parahaemolyticus, Vibrio parahaemolyticus: chemistry}
}

@article{Watanabe2010b,
    title = {{The mechanism of sodium and substrate release from the binding pocket of vSGLT.}},
    year = {2010},
    journal = {Nature},
    author = {Watanabe, Akira and Choe, Seungho and Chaptal, Vincent and Rosenberg, John M and Wright, Ernest M and Grabe, Michael and Abramson, Jeff},
    number = {7326},
    pages = {988--991},
    volume = {468},
    publisher = {Nature Publishing Group},
    url = {http://www.pubmedcentral.nih.gov/articlerender.fcgi?artid=3736980&tool=pmcentrez&rendertype=abstract},
    isbn = {1476-4687 (Electronic){\{}{\textbackslash}textbackslash{\}}n0028-0836 (Linking)},
    doi = {10.1038/nature09580},
    issn = {1476-4687},
    pmid = {21131949},
    keywords = {Allosteric Regulation, Binding Sites, Biological Transport, Crystallography, Galactose, Galactose: metabolism, Models, Molecular, Molecular Dynamics Simulation, Protein Conformation, Sodium, Sodium: metabolism, Symporters, Symporters: chemistry, Symporters: metabolism, Vibrio parahaemolyticus, Vibrio parahaemolyticus: chemistry, X-Ray}
}

@unpublished{PyMOL,
    title = {{The PyMOL Molecular Graphics System, Version 1.7.2.1}},
    year = {2015},
    author = {Schr{\"{o}}dinger, LLC}
}

@article{Erokhova2016,
    title = {{The sodium glucose cotransporter SGLT1 is an extremely efficient facilitator of passive water transport}},
    year = {2016},
    journal = {Journal of Biological Chemistry},
    author = {Erokhova, Liudmila and Horner, Andreas and Ollinger, Nicole and Siligan, Christine and Pohl, Peter},
    number = {18},
    pages = {9712--9720},
    volume = {291},
    url = {http://www.jbc.org/lookup/doi/10.1074/jbc.M115.706986},
    doi = {10.1074/jbc.M115.706986},
    issn = {1083351X},
    pmid = {26945065}
}

@article{Erokhova2016b,
    title = {{The sodium glucose cotransporter SGLT1 is an extremely efficient facilitator of passive water transport}},
    year = {2016},
    journal = {Journal of Biological Chemistry},
    author = {Erokhova, Liudmila and Horner, Andreas and Ollinger, Nicole and Siligan, Christine and Pohl, Peter},
    number = {18},
    pages = {9712--9720},
    volume = {291},
    url = {http://www.jbc.org/lookup/doi/10.1074/jbc.M115.706986},
    doi = {10.1074/jbc.M115.706986},
    issn = {1083351X},
    pmid = {26945065}
}

@article{Zomot1,
    title = {{The sodium/galactose symporter crystal structure is a dynamic, not so occluded state}},
    year = {2010},
    author = {Zomot, Elia and Bahar, Ivet},
    number = {r},
    pages = {f},
    volume = {r},
    isbn = {g},
    doi = {10.1039/b927492h},
    issn = {h},
    arxivId = {h}
}

@article{Darrouzet2014,
    title = {{The sodium/iodide symporter: State of the art of its molecular characterization}},
    year = {2014},
    journal = {Biochimica et Biophysica Acta - Biomembranes},
    author = {Darrouzet, Elisabeth and Lindenthal, Sabine and Marcellin, Didier and Pellequer, Jean Luc and Pourcher, Thierry},
    number = {1 PARTB},
    pages = {244--253},
    volume = {1838},
    isbn = {0006-3002 (Print){\textbackslash}r0006-3002 (Linking)},
    doi = {10.1016/j.bbamem.2013.08.013},
    issn = {00052736},
    pmid = {23988430},
    keywords = {Membrane protein, NIS, SLC5A5, Sodium/iodide symporter, Structure/function relationship, Thyroid}
}

@article{Darrouzet2014b,
    title = {{The sodium/iodide symporter: State of the art of its molecular characterization}},
    year = {2014},
    journal = {Biochimica et Biophysica Acta - Biomembranes},
    author = {Darrouzet, Elisabeth and Lindenthal, Sabine and Marcellin, Didier and Pellequer, Jean Luc and Pourcher, Thierry},
    number = {1 PARTB},
    pages = {244--253},
    volume = {1838},
    isbn = {0006-3002 (Print){\{}{\textbackslash}textbackslash{\}}r0006-3002 (Linking)},
    doi = {10.1016/j.bbamem.2013.08.013},
    issn = {00052736},
    pmid = {23988430},
    keywords = {Membrane protein, NIS, SLC5A5, Sodium/iodide symporter, Structure/function relationship, Thyroid}
}

@misc{SaierJr.,
    title = {{The Solute:Sodium Symporter (SSS) Family}},
    author = {Saier Jr., Milton H.},
    url = {http://www.tcdb.org/search/result.php?tc=2.A.21}
}

@book{Heimburg,
    title = {{Thermal Biophysics of Membranes}},
    year = {2007},
    author = {Heimburg, Thomas},
    pages = {363},
    publisher = {Wiley-VCH Verlag GmbH {\&} Co.KGaA},
    address = {Copenhagen},
    isbn = {9783527404711}
}

@book{Variable,
    title = {{Una variable}},
    author = {Variable, U N A},
    isbn = {9786073201643}
}

@article{Escuela2010,
    title = {{Universidad nacional abierta y a distancia}},
    year = {2010},
    author = {Escuela, Unad},
    pages = {1--148}
}

@article{Choe2010,
    title = {{Water permeation through the sodium-dependent galactose cotransporter vSGLT}},
    year = {2010},
    journal = {Biophysical Journal},
    author = {Choe, Seungho and Rosenberg, John M. and Abramson, Jeff and Wright, Ernest M. and Grabe, Michael},
    number = {7},
    pages = {L56-L58},
    volume = {99},
    publisher = {Biophysical Society},
    url = {http://dx.doi.org/10.1016/j.bpj.2010.08.055},
    isbn = {1542-0086 (Electronic){\textbackslash}r0006-3495 (Linking)},
    doi = {10.1016/j.bpj.2010.08.055},
    issn = {00063495},
    pmid = {20923633}
}

@article{Choe2010b,
    title = {{Water permeation through the sodium-dependent galactose cotransporter vSGLT}},
    year = {2010},
    journal = {Biophysical Journal},
    author = {Choe, Seungho and Rosenberg, John M and Abramson, Jeff and Wright, Ernest M and Grabe, Michael},
    number = {7},
    pages = {L56-L58},
    volume = {99},
    publisher = {Biophysical Society},
    url = {http://dx.doi.org/10.1016/j.bpj.2010.08.055},
    isbn = {1542-0086 (Electronic){\{}{\textbackslash}textbackslash{\}}r0006-3495 (Linking)},
    doi = {10.1016/j.bpj.2010.08.055},
    issn = {00063495},
    pmid = {20923633}
}

@article{Ollila20093DComplexes,
    title = {{3D Pressure field in lipid membranes and membrane-protein complexes}},
    year = {2009},
    journal = {Physical Review Letters},
    author = {Ollila, O. H.Samuli and Risselada, H. Jelger and Louhivuori, Martti and Lindahl, Erik and Vattulainen, Ilpo and Marrink, Siewert J.},
    number = {7},
    pages = {1--4},
    volume = {102},
    doi = {10.1103/PhysRevLett.102.078101},
    issn = {00319007}
}

@article{2Ab,
    title = {{a}},
    year = {2},
    journal = {e},
    number = {d},
    pages = {f},
    volume = {e},
    isbn = {f},
    doi = {y},
    issn = {x},
    pmid = {d},
    arxivId = {r}
}

@article{1A,
    title = {{a}},
    year = {1},
    number = {r},
    pages = {f},
    volume = {r},
    isbn = {g},
    doi = {h},
    issn = {h},
    pmid = {g},
    arxivId = {h}
}

@article{9A,
    title = {{a}},
    year = {9},
    journal = {g},
    number = {},
    pages = {g},
    volume = {fr}
}

@article{5A,
    title = {{a}},
    year = {5},
    journal = {r},
    number = {f},
    pages = {f},
    volume = {},
    isbn = {f},
    doi = {h},
    issn = {f},
    pmid = {g},
    arxivId = {r}
}

@misc{Orent2006AMagazine,
    title = {{A Brief History of Staph | Proto Magazine}},
    year = {2006},
    author = {Orent, Wendy},
    url = {http://protomag.com/articles/a-brief-history-of-staph}
}

@book{Hawking0ATime,
    title = {{A Brief Story of Time}},
    year = {0},
    author = {Hawking, Stephen},
    number = {},
    pages = {},
    volume = {}
}

@book{Hawking0ATimeb,
    title = {{A Brief Story of Time}},
    year = {0},
    author = {Hawking, Stephen},
    number = {},
    pages = {},
    volume = {}
}

@book{2006ASimulations,
    title = {{A Guide to Biomolecular Simulations}},
    year = {2006},
    booktitle = {A Guide to Biomolecular Simulations},
    isbn = {9781402035869},
    doi = {10.1007/1-4020-3587-x}
}

@article{Wimpfheimer2015ACompounds,
    title = {{A Particle in a Box Laboratory Experiment Using Everyday Compounds}},
    year = {2015},
    journal = {Journal of Laboratory Chemical Education},
    author = {Wimpfheimer, Todd},
    number = {2},
    pages = {19--21},
    volume = {3},
    doi = {10.5923/j.jlce.20150302.01},
    keywords = {Laboratory experiment, Physical chemistry, Quantum chemistry, Upper division undergraduate, laboratory experiment, physical chemistry, quantum chemistry, upper division undergraduate}
}

@article{Silyn-Roberts2013AGroup,
    title = {{A Presentation to a Small Group}},
    year = {2013},
    journal = {Writing for Science and Engineering},
    author = {Silyn-Roberts, Heather},
    pages = {251--254},
    isbn = {9780080982854},
    doi = {10.1016/b978-0-08-098285-4.00020-0}
}

@article{Silyn-Roberts2013APresentation,
    title = {{A Seminar or Conference Presentation}},
    year = {2013},
    journal = {Writing for Science and Engineering},
    author = {Silyn-Roberts, Heather},
    pages = {231--250},
    isbn = {9780080982854},
    doi = {10.1016/b978-0-08-098285-4.00019-4}
}

@article{VanDuyl2005ACurvature,
    title = {{A synergistic effect between cholesterol and tryptophan-flanked transmembrane helices modulates membrane curvature}},
    year = {2005},
    journal = {Biochemistry},
    author = {Van Duyl, Bianca Y. and Meeldijk, Hans and Verkleij, Arie J. and Rijkers, Dirk T.S. and Chupin, Vladimir and De Kruijff, Ben and Killian, J. Antoinette},
    url = {http://www.mendeley.com/catalogue/synergistic-effect-between-cholesterol-tryptophanflanked-transmembrane-helices-modulates-membrane-cu},
    doi = {10.1021/bi047937n}
}

@article{0AdderBacteria,
    title = {{Adder and a coarse-grained approach to cell size homeostasis in bacteria}},
    year = {0},
    number = {},
    pages = {},
    volume = {}
}

@article{Ross2019AmberManual,
    title = {{Amber 2019 Reference Manual}},
    year = {2019},
    author = {Ross, Case and C Walker, David A and Junmei, Darden and Wang Robert Duke, Tom E},
    url = {http://ambermd.org/contributors.html}
}

@article{MatemAmortizacionProyectos,
    title = {{Amortizaci{\'{o}}n y Evaluaci{\'{o}}n de Proyectos}},
    author = {Matem, Curso},
    pages = {1--3}
}

@book{Taylor1997AnAnalysis,
    title = {{An Introduction to Error Analysis}},
    year = {1997},
    author = {Taylor, John R.},
    edition = {2nd},
    pages = {530},
    publisher = {University Science Books},
    address = {Sauzalito}
}

@book{Perkin2000AnSpectroscopy,
    title = {{An Introduction to Fluorescence Spectroscopy}},
    year = {2000},
    author = {Perkin, Elmer},
    publisher = {PerkinElmer Ltd}
}

@misc{AnalisisKemmerly.pdf,
    title = {{Analisis de Circuitos en Ingenieria 7ma Edicion Hayt {\&} Kemmerly.pdf}}
}

@misc{FinchJanetAnalyticalPress.pdf,
    title = {{Analytical Mechanics, Hand and Finch - Cambridge University Press.pdf}},
    author = {Finch Janet, Louis Hand}
}

@article{Eyal2006AnisotropicInterfaceb,
    title = {{Anisotropic network model: Systematic evaluation and a new web interface}},
    year = {2006},
    journal = {Bioinformatics},
    author = {Eyal, Eran and Yang, Lee Wei and Bahar, Ivet},
    isbn = {1367-4803},
    doi = {10.1093/bioinformatics/btl448},
    issn = {13674803},
    pmid = {16928735}
}

@article{0AntimicrobialPeptides,
    title = {{Antimicrobial Peptides}},
    year = {0},
    number = {},
    pages = {},
    volume = {}
}

@article{Cerezo2012AntioxidantSimulations,
    title = {{Antioxidant properties of {$\beta$}-carotene isomers and their role in photosystems: Insights from Ab initio simulations}},
    year = {2012},
    journal = {Journal of Physical Chemistry A},
    author = {Cerezo, Javier and Z{\'{u}}{\~{n}}iga, José and Bastida, Adolfo and Requena, Alberto and Cer{\'{o}}n-Carrasco, José Pedro and Eriksson, Leif A.},
    number = {13},
    pages = {3498--3506},
    volume = {116},
    doi = {10.1021/jp301485k},
    issn = {15205215}
}

@article{Erick2017AnEcula,
    title = {{An´ alisis de Modos Normales en una Biomol´ ecula}},
    year = {2017},
    author = {Erick, John and Ramirez, Cabrera}
}

@article{Moraca2019ApplicationPDEs,
    title = {{Application of Free Energy Perturbation (FEP+) to Understanding Ligand Selectivity: A Case Study to Assess Selectivity between Pairs of Phosphodiesterases (PDE's)}},
    year = {2019},
    journal = {Journal of Chemical Information and Modeling},
    author = {Moraca, Francesca and Negri, Ana and De Oliveira, Cesar and Abel, Robert},
    pages = {2729--2740},
    volume = {59},
    publisher = {American Chemical Society},
    doi = {10.1021/acs.jcim.9b00106},
    issn = {15205142}
}

@article{CamilaGallego1386AsignacionObra,
    title = {{Asignaci{\'{o}}n de tarea 4: primera versi{\'{o}}n de la rese{\~{n}}a Obra}},
    year = {1386},
    author = {{Camila Gallego}},
    pages = {32 ، ص 117}
}

@article{Jefferies2020AtomisticGuide,
    title = {{Atomistic and coarse-grained simulations of membrane proteins: A practical guide}},
    year = {2020},
    journal = {Methods},
    author = {Jefferies, Damien and Khalid, Syma},
    number = {February},
    pages = {0--1},
    publisher = {Elsevier},
    url = {https://doi.org/10.1016/j.ymeth.2020.02.007},
    doi = {10.1016/j.ymeth.2020.02.007},
    issn = {10959130},
    keywords = {Membrane proteins, Molecular dynamics, Molecular modeling}
}

@article{Yin2010AtomisticBilayers,
    title = {{Atomistic simulation of hydrophobic matching effects on lipid composition near a helical peptide embedded in mixed-lipid bilayers}},
    year = {2010},
    journal = {Journal of Physical Chemistry B},
    author = {Yin, Fuchang and Kindt, James T.},
    url = {http://www.mendeley.com/research/atomistic-simulation-hydrophobic-matching-effects-lipid-composition-near-helical-peptide-embedded-mi},
    doi = {10.1021/jp100931h}
}

@misc{AvantiPolarLipidsInc.2014AvantiLipids,
    title = {{Avanti Polar Lipids}},
    year = {2014},
    author = {{Avanti Polar Lipids Inc.}},
    pages = {1--4},
    url = {https://avantilipids.com/}
}

@misc{Sohlenkamp2015BacterialPathways,
    title = {{Bacterial membrane lipids: Diversity in structures and pathways}},
    year = {2015},
    booktitle = {FEMS Microbiology Reviews},
    author = {Sohlenkamp, Christian and Geiger, Otto},
    number = {1},
    month = {9},
    pages = {133--159},
    volume = {40},
    publisher = {Oxford University Press},
    doi = {10.1093/femsre/fuv008},
    issn = {15746976},
    keywords = {Cardiolipin, Hopanoids, Ornithine lipid, Phosphatidylcholine, Phosphatidylethanolamine, Phosphatidylinositol, Phospholipid}
}

@article{Grossfield2018BestSimulations,
    title = {{Best Practices for Quantification of Uncertainty and Sampling Quality in Molecular Simulations}},
    year = {2018},
    author = {Grossfield, Alan and Patrone, Paul N and Roe, Daniel R and Schultz, Andrew J and Daniel, W and Zuckerman, Daniel M and Division, Mathematics and Lung, National Heart and Institutes, National and Engineering, Biological and Division, Sciences and Health, Oregon},
    number = {1},
    pages = {1--45},
    volume = {1},
    doi = {10.33011/livecoms.1.1.5067.Best}
}

@article{0Biologia,
    title = {{Biolog{\'{i}}a}},
    year = {0},
    number = {},
    pages = {},
    volume = {}
}

@article{0Biologiab,
    title = {{Biolog{\'{i}}a}},
    year = {0},
    number = {},
    pages = {},
    volume = {}
}

@article{0BiophysicalPeptides,
    title = {{Biophysical evaluation of cardiolipin content as a regulator of the{\\\}membrane lytic effect of antimicrobial peptides}},
    year = {0},
    number = {},
    pages = {},
    volume = {}
}

@article{Hernandez-Villa2018BiophysicalPeptidesb,
    title = {{Biophysical evaluation of cardiolipin content as a regulator of the membrane lytic effect of antimicrobial peptides}},
    year = {2018},
    journal = {Biophysical Chemistry},
    author = {Hern{\'{a}}ndez-Villa, Laura and Manrique-Moreno, Marcela and Leidy, Chad and Jemio{\l}a-Rzemi{\'{n}}ska, Małgorzata and Ort{\'{i}}z, Claudia and Strza{\l}ka, Kazimierz},
    month = {7},
    pages = {8--15},
    volume = {238},
    publisher = {Elsevier B.V.},
    doi = {10.1016/j.bpc.2018.04.001},
    issn = {18734200},
    keywords = {Antimicrobial activity, Calcein leakage, Cardiolipin, Cathelicidin LL-37, Cationic antimicrobial peptides, Liposomes, Staphylococcus aureus}
}

@misc{BiophysicalQuizlet,
    title = {{Biophysical Properties of Materials Exam 1 Flashcards | Quizlet}},
    url = {https://quizlet.com/186780293/biophysical-properties-of-materials-exam-1-flash-cards/}
}

@misc{CALCULUS-V1-TomApostol.pdf,
    title = {{CALCULUS-V1-Tom M. Apostol.pdf}}
}

@article{Wilson2019Cardiolipin-DependentSimulations,
    title = {{Cardiolipin-Dependent Properties of Model Mitochondrial Membranes from Molecular Simulations}},
    year = {2019},
    journal = {Biophysical Journal},
    author = {Wilson, Blake A. and Ramanathan, Arvind and Lopez, Carlos F.},
    number = {3},
    pages = {429--444},
    volume = {117},
    publisher = {ElsevierCompany.},
    url = {https://doi.org/10.1016/j.bpj.2019.06.023},
    doi = {10.1016/j.bpj.2019.06.023},
    issn = {00063495}
}

@article{Wilson2019Cardiolipin-DependentSimulationsb,
    title = {{Cardiolipin-Dependent Properties of Model Mitochondrial Membranes from Molecular Simulations}},
    year = {2019},
    journal = {Biophysical Journal},
    author = {Wilson, Blake A. and Ramanathan, Arvind and Lopez, Carlos F.},
    number = {3},
    pages = {429--444},
    volume = {117},
    doi = {10.1016/j.bpj.2019.06.023},
    issn = {00063495}
}

@misc{Strzaka2003CarotenoidsProperties,
    title = {{Carotenoids and Environmental Stress in Plants: Significance of Carotenoid-Mediated Modulation of Membrane Physical Properties}},
    year = {2003},
    booktitle = {Russian Journal of Plant Physiology},
    author = {Strza{\l}ka, K. and Kostecka-Guga{\l}a, A. and Latowski, D.},
    doi = {10.1023/A:1022960828050},
    issn = {10214437},
    keywords = {Carotenoids, Light stress, Membrane dynamics, Xanthophyll cycle}
}

@article{Woodall1997CarotenoidsAbility,
    title = {{Carotenoids and protection of phospholipids in solution or in liposomes against oxidation by peroxyl radicals: Relationship between carotenoid structure and protective ability}},
    year = {1997},
    journal = {Biochimica et Biophysica Acta - General Subjects},
    author = {Woodall, Alan A. and Britton, George and Jackson, Malcolm J.},
    doi = {10.1016/S0304-4165(97)00007-X},
    issn = {03044165},
    keywords = {Antioxidant, Carotenoid, Free radical, Lipid peroxidation, Liposome}
}

@article{Gruszecki2004CarotenoidsProperties,
    title = {{Carotenoids as modulators of lipid membrane physical properties}},
    year = {2004},
    author = {Gruszecki, Wiesyaw I and Strzayka, Kazimierz},
    number = {},
    pages = {},
    volume = {},
    doi = {10.1016/j.bbadis.2004.11.015}
}

@article{0Cell-SizeBacteria,
    title = {{Cell-Size Control and Homeostasis in Bacteria}},
    year = {0},
    number = {},
    pages = {},
    volume = {}
}

@article{0CGInterfacec,
    title = {{CG Description Sketch CA iMODS quick reference – Basic NMA interface}},
    year = {0},
    number = {},
    pages = {},
    volume = {}
}

@article{0CGInterfaced,
    title = {{CG Description Sketch CA iMODS quick reference – Basic NMA interface}},
    year = {0},
    number = {},
    pages = {},
    volume = {}
}

@article{Lee2016CHARMM-GUIField,
    title = {{CHARMM-GUI Input Generator for NAMD, GROMACS, AMBER, OpenMM, and CHARMM/OpenMM Simulations Using the CHARMM36 Additive Force Field}},
    year = {2016},
    journal = {Journal of Chemical Theory and Computation},
    author = {Lee, Jumin and Cheng, Xi and Swails, Jason M. and Yeom, Min Sun and Eastman, Peter K. and Lemkul, Justin A. and Wei, Shuai and Buckner, Joshua and Jeong, Jong Cheol and Qi, Yifei and Jo, Sunhwan and Pande, Vijay S. and Case, David A. and Brooks, Charles L. and MacKerell, Alexander D. and Klauda, Jeffery B. and Im, Wonpil},
    number = {1},
    month = {1},
    pages = {405--413},
    volume = {12},
    publisher = {American Chemical Society},
    url = {https://pubs.acs.org/sharingguidelines},
    doi = {10.1021/acs.jctc.5b00935},
    issn = {15499626}
}

@article{Huang2013CHARMM36Data,
    title = {{CHARMM36 all-atom additive protein force field: Validation based on comparison to NMR data}},
    year = {2013},
    journal = {Journal of Computational Chemistry},
    author = {Huang, Jing and Mackerell, Alexander D.},
    number = {25},
    month = {9},
    pages = {2135--2145},
    volume = {34},
    publisher = {J Comput Chem},
    url = {https://pubmed.ncbi.nlm.nih.gov/23832629/},
    doi = {10.1002/jcc.23354},
    issn = {01928651},
    keywords = {G protein B1, J-coupling, calmodulin, cold-shock protein A, empirical force field, fatty acid binding protein, lysozyme, molecular mechanics, residual dipolar coupling, ubiquitin}
}

@article{Marquardt2016CholesterolsBilayers,
    title = {{Cholesterol's location in lipid bilayers}},
    year = {2016},
    journal = {Chemistry and Physics of Lipids},
    author = {Marquardt, Drew and Ku{\v{c}}erka, Norbert and Wassall, Stephen R. and Harroun, Thad A. and Katsaras, John},
    month = {9},
    pages = {17--25},
    volume = {199},
    publisher = {Elsevier Ireland Ltd},
    doi = {10.1016/j.chemphyslip.2016.04.001},
    issn = {18732941},
    keywords = {Cholesterol, Lipid domains, Membrane dynamics, Membrane structure, Sterol}
}

@article{StreamCinemOn,
    title = {{Cinem ´ atica en una dimensi ´ on}},
    author = {Stream, Labquest}
}

@misc{Bahar2005Coarse-grainedBiologyb,
    title = {{Coarse-grained normal mode analysis in structural biology}},
    year = {2005},
    booktitle = {Current Opinion in Structural Biology},
    author = {Bahar, Ivet and Rader, A. J.},
    isbn = {0959-440X},
    doi = {10.1016/j.sbi.2005.08.007},
    issn = {0959440X},
    pmid = {16143512},
    arxivId = {NIHMS150003}
}

@article{Mazur1997CommonRevisited,
    title = {{Common Molecular Dynamics Algorithms Revisited}},
    year = {1997},
    journal = {J. Comput. Phys.},
    author = {Mazur, Alexey K},
    number = {physics/9707008},
    pages = {136},
    volume = {2},
    url = {http://cds.cern.ch/record/331170}
}

@article{Gapsys2013ComputationalProperties,
    title = {{Computational analysis of local membrane properties}},
    year = {2013},
    journal = {Journal of Computer-Aided Molecular Design},
    author = {Gapsys, Vytautas and De Groot, Bert L. and Briones, Rodolfo},
    number = {10},
    pages = {845--858},
    volume = {27},
    doi = {10.1007/s10822-013-9684-0},
    issn = {0920654X},
    keywords = {Area per lipid, Bilayer thickness, Curvature, Membrane simulations, Molecular dynamics, Order parameters}
}

@article{Marrink2019ComputationalMembranes,
    title = {{Computational Modeling of Realistic Cell Membranes}},
    year = {2019},
    journal = {Chemical Reviews},
    author = {Marrink, Siewert J. and Corradi, Valentina and Souza, Paulo C.T. and Ing{\'{o}}lfsson, Helgi I. and Tieleman, D. Peter and Sansom, Mark S.P.},
    number = {9},
    pages = {6184--6226},
    volume = {119},
    doi = {10.1021/acs.chemrev.8b00460},
    issn = {15206890},
    pmid = {30623647}
}

@article{BreakConferenciasTrabajos,
    title = {{Conferencias y presentaciones de trabajos}},
    author = {Break, Coffee},
    pages = {30--31}
}

@article{Cerezo2013ConformationalSimulations,
    title = {{Conformational changes of {$\beta$}-carotene and zeaxanthin immersed in a model membrane through atomistic molecular dynamics simulations}},
    year = {2013},
    journal = {Physical Chemistry Chemical Physics},
    author = {Cerezo, Javier and Z{\'{u}}{\~{n}}iga, José and Bastida, Adolfo and Requena, Alberto and Pedro Cer{\'{o}}n-Carrasco, José},
    number = {17},
    pages = {6527},
    volume = {15},
    url = {http://xlink.rsc.org/?DOI=c3cp43947j},
    doi = {10.1039/c3cp43947j},
    issn = {1463-9076}
}

@article{Vanegas2011CrystallineErgosterol,
    title = {{Crystalline, ordered and disordered lipid membranes: Convergence of stress profiles due to ergosterol}},
    year = {2011},
    journal = {Journal of the American Chemical Society},
    author = {Vanegas, Juan M. and Longo, Marjorie L. and Faller, Roland},
    number = {11},
    pages = {3720--3723},
    volume = {133},
    doi = {10.1021/ja110327r},
    issn = {00027863}
}

@book{Fox1998DataTutorial,
    title = {{Data Analysis: A Bayesian Tutorial}},
    year = {1998},
    booktitle = {Technometrics},
    author = {Fox, Eric P. and Sivia, D. S.},
    number = {2},
    pages = {155},
    volume = {40},
    doi = {10.2307/1270652},
    issn = {00401706}
}

@article{Vogele2016DivergentMembranes,
    title = {{Divergent Diffusion Coefficients in Simulations of Fluids and Lipid Membranes}},
    year = {2016},
    journal = {Journal of Physical Chemistry B},
    author = {V{\"{o}}gele, Martin and Hummer, Gerhard},
    number = {33},
    pages = {8722--8732},
    volume = {120},
    doi = {10.1021/acs.jpcb.6b05102},
    issn = {15205207}
}

@article{DobleRendija1,
    title = {{doble rendija(1)}}
}

@article{Yoda2010DynamicStress,
    title = {{Dynamic response of a cholesterol-containing model membrane to oxidative stress}},
    year = {2010},
    journal = {Chemistry Letters},
    author = {Yoda, Tsuyoshi and Vestergaard, Mun'delanji C. and Akazawa-Ogawa, Yoko and Yoshida, Yasukazu and Hamada, Tsutomu and Takagi, Masahiro},
    url = {http://www.mendeley.com/catalogue/dynamic-response-cholesterolcontaining-model-membrane-oxidative-stress},
    doi = {10.1246/cl.2010.1273}
}

@article{9E,
    title = {{e}},
    year = {9},
    journal = {j},
    number = {j},
    pages = {j},
    volume = {j},
    isbn = {j},
    doi = {h},
    issn = {j},
    pmid = {j},
    arxivId = {j}
}

@article{5Electricidad,
    title = {{electricidad}},
    year = {5},
    journal = {a},
    number = {d},
    pages = {x},
    volume = {1x},
    isbn = {d},
    doi = {d},
    issn = {z},
    pmid = {s},
    arxivId = {d}
}

@misc{Dahl2008File:Gram-,
    title = {{File:Gram negative cell wall cs.svg -}},
    year = {2008},
    booktitle = {Wikimedia Commons},
    author = {Dahl, Jeff},
    url = {https://commons.wikimedia.org/w/index.php?curid=5315477}
}

@book{Portis1970FisicaA,
    title = {{F{\'{i}}sica de Laboratorio: Berkeley physics laboratory part A}},
    year = {1970},
    author = {Portis, Alan M. and Young, Hugh D.},
    pages = {136},
    publisher = {Revert{\'{e}}}
}

@book{Gil2001FisicaRecreativa,
    title = {{F{\'{i}}sica Recreativa}},
    year = {2001},
    author = {Gil, Salvador and Rodr{\'{i}}guez, Eduardo},
    edition = {1},
    pages = {384},
    publisher = {Pearson Educaci{\'{o}}n},
    address = {Buenos Aires}
}

@article{Torres-Sanchez2016GeometricDecomposition,
    title = {{Geometric derivation of the microscopic stress: A covariant central force decomposition}},
    year = {2016},
    journal = {Journal of the Mechanics and Physics of Solids},
    author = {Torres-S{\'{a}}nchez, Alejandro and Vanegas, Juan M. and Arroyo, Marino},
    pages = {224--239},
    volume = {93},
    publisher = {Elsevier},
    url = {http://dx.doi.org/10.1016/j.jmps.2016.03.006},
    doi = {10.1016/j.jmps.2016.03.006},
    issn = {00225096},
    keywords = {Continuum mechanics, Doyle–Ericksen formula, Microscopic stress tensor, Statistical mechanics}
}

@article{ALLEN2008GridMAT-MD:Dynamics,
    title = {{GridMAT-MD: A Grid-Based Membrane Analysis Tool for Use With Molecular Dynamics}},
    year = {2008},
    journal = {Journal of computational chemistry},
    author = {ALLEN, WILLIAM J. and LEMKUL, JUSTIN A. LEMKUL and BEVAN, DAVID R. BEVAN},
    pages = {1952--1958},
    volume = {30},
    isbn = {1096-987X},
    doi = {10.1002/jcc},
    issn = {1096-987X},
    pmid = {20607691},
    keywords = {Lipid bilayer analysis, area per lipid headgroup, lipid bilayer thickness, molecular dynamics, tessellation}
}

@article{GROMACSdevelopmentteam2019GROMACSDocumentation,
    title = {{GROMACS 2019.3 Documentation}},
    year = {2019},
    journal = {GROMACS 2019.3 Documentation},
    author = {{GROMACS development team}},
    pages = {2--607},
    url = {http://manual.gromacs.org/documentation/2019/manual-2019.pdf},
    doi = {https://doi.org/10.5281/zenodo.2424486}
}

@article{Abraham2015Gromacs:Supercomputers,
    title = {{Gromacs: High performance molecular simulations through multi-level parallelism from laptops to supercomputers}},
    year = {2015},
    journal = {SoftwareX},
    author = {Abraham, Mark James and Murtola, Teemu and Schulz, Roland and P{\'{a}}ll, Szilárd and Smith, Jeremy C. and Hess, Berk and Lindah, Erik},
    month = {9},
    pages = {19--25},
    volume = {1-2},
    publisher = {Elsevier B.V.},
    doi = {10.1016/j.softx.2015.06.001},
    issn = {23527110},
    keywords = {Free energy, Gpu, Molecular dynamics, Simd}
}

@article{0GuiasI,
    title = {{gu{\'{i}}as b{\'{a}}sica i}},
    year = {0},
    number = {},
    pages = {},
    volume = {}
}

@article{Guzman2019Guias2,
    title = {{Gu{\'{i}}as de laboratorio Departamento de F{\'{i}}sica F{\'{i}}sica Experimental 2}},
    year = {2019},
    author = {Guzman, David Alfonso}
}

@article{Guzman2020GuiasLaboratorio,
    title = {{Gu{\'{i}}as de laboratorio Departamento de F{\'{i}}sica F{\'{i}}sica Experimental 2 Gu{\'{i}}a de laboratorio}},
    year = {2020},
    author = {Guzman, David Alfonso}
}

@article{0GuiasIb,
    title = {{gu{\'{i}}as f{\'{i}}sica I}},
    year = {0},
    number = {},
    pages = {},
    volume = {}
}

@book{GuiasII,
    title = {{Gu{\'{i}}as f{\'{i}}sica II}}
}

@article{Huang2012HowEquation,
    title = {{How Did Schr{\"{o}}dinger Obtain the Schr{\"{o}}dinger Equation?}},
    year = {2012},
    author = {Huang, Xiuqing},
    url = {http://vixra.org/pdf/1206.0055v2.pdf},
    keywords = {0365Ca, 0365Ge, PACS numbers}
}

@article{Vanegas2014ImportanceSimulations,
    title = {{Importance of force decomposition for local stress calculations in biomembrane molecular simulations}},
    year = {2014},
    journal = {Journal of Chemical Theory and Computation},
    author = {Vanegas, Juan M. and Torres-S{\'{a}}nchez, Alejandro and Arroyo, Marino},
    number = {2},
    pages = {691--702},
    volume = {10},
    doi = {10.1021/ct4008926},
    issn = {15499618}
}

@article{ImportedHttp://hexamob.com/how-to-root/android-rooting-method-root-genius/,
    title = {{Imported from http://hexamob.com/how-to-root/android-rooting-method-root-genius/}},
    url = {http://hexamob.com/how-to-root/android-rooting-method-root-genius/}
}

@article{Grimmett2013InhomogeneousLattices,
    title = {{Inhomogeneous bond percolation on square, triangular and hexagonal lattices}},
    year = {2013},
    journal = {Annals of Probability},
    author = {Grimmett, Geoffrey R. and Manolescu, Ioan},
    number = {4},
    pages = {2990--3025},
    volume = {41},
    doi = {10.1214/11-AOP729},
    issn = {00911798},
    arxivId = {arXiv:1105.5535v3},
    keywords = {Bond percolation, Boxcrossing, Criticality, Inhomogeneous percolation, RSW lemma, Star-triangle transformation, Universality, Yang-Baxter equation}
}

@book{IntroductionR,
    title = {{Introduction to Statistical Learning with Applications in R}}
}

@misc{KEGGC16148,
    title = {{KEGG COMPOUND: C16148}},
    url = {https://www.genome.jp/dbget-bin/www_bget?cpd_ja:C16148}
}

@article{Rd2016LaComa,
    title = {{La coma}},
    year = {2016},
    author = {Rd, I C A},
    number = {Rae}
}

@book{Ramirez2010Laboratorio1,
    title = {{Laboratorio de F{\'{i}}sica Bsica 1}},
    year = {2010},
    author = {Ramirez, Diego Fernando},
    pages = {2010--2010}
}

@article{MatemLasFinanzas,
    title = {{Las Finanzas}},
    author = {Matem, Curso}
}

@article{Kusba2002LateralDimensions,
    title = {{Lateral diffusion coefficients in membranes measured by resonance energy transfer and a new algorithm for diffusion in two dimensions}},
    year = {2002},
    journal = {Biophysical Journal},
    author = {Ku{\'{s}}ba, Jósef and Li, Li and Gryczynski, Ignacy and Piszczek, Grzegorz and Johnson, Michael and Lakowicz, Joseph R.},
    number = {3},
    pages = {1358--1372},
    volume = {82},
    doi = {10.1016/S0006-3495(02)75491-X},
    issn = {00063495}
}

@article{Hess1997LINCS:Simulations,
    title = {{LINCS: A linear constraint solver for molecular simulations}},
    year = {1997},
    journal = {Journal of Computational Chemistry},
    author = {Hess, Berk and Bekker, Henk and Berendsen, Herman J. C. and Fraaije, Johannes G. E. M.},
    number = {12},
    month = {9},
    pages = {1463--1472},
    volume = {18},
    publisher = {John Wiley {\&} Sons, Ltd},
    url = {https://onlinelibrary.wiley.com/doi/full/10.1002/%28SICI%291096-987X%28199709%2918%3A12%3C1463%3A%3AAID-JCC4%3E3.0.CO%3B2-H https://onlinelibrary.wiley.com/doi/abs/10.1002/%28SICI%291096-987X%28199709%2918%3A12%3C1463%3A%3AAID-JCC4%3E3.0.CO%3B2-H https://onlinelibrary.wiley.com/doi/10.1002/(SICI)1096-987X(199709)18:12<1463::AID-JCC4>3.0.CO;2-H},
    doi = {10.1002/(SICI)1096-987X(199709)18:12<1463::AID-JCC4>3.0.CO;2-H},
    issn = {1096-987X},
    keywords = {Langevin dynamics, SHAKE, constraints, molecular dynamics}
}

@article{Veenstra2004LocalCotransporter.,
    title = {{Local conformational changes in the Vibrio Na+/galactose cotransporter.}},
    year = {2004},
    journal = {Biochemistry},
    author = {Veenstra, Marloes and Lanza, Seren and Hirayama, Bruce A and Turk, Eric and Wright, Ernest M},
    number = {12},
    month = {3},
    pages = {3620--7},
    volume = {43},
    url = {http://www.ncbi.nlm.nih.gov/pubmed/15035632},
    doi = {10.1021/bi0357210},
    issn = {0006-2960},
    pmid = {15035632}
}

@article{Grudzinski2017LocalizationBilayer,
    title = {{Localization and Orientation of Xanthophylls in a Lipid Bilayer}},
    year = {2017},
    journal = {Scientific Reports},
    author = {Grudzinski, Wojciech and Nierzwicki, Lukasz and Welc, Renata and Reszczynska, Emilia and Luchowski, Rafal and Czub, Jacek and Gruszecki, Wieslaw I.},
    number = {1},
    pages = {1--10},
    volume = {7},
    publisher = {Springer US},
    url = {http://dx.doi.org/10.1038/s41598-017-10183-7},
    doi = {10.1038/s41598-017-10183-7},
    issn = {20452322}
}

@article{Fajardo-SanchezEmmanuelGalianoLocationStudy,
    title = {{Location of the bioactive pentacyclic triterpene ursolic acid in the membrane. A molecular dynamics study}},
    author = {Fajardo-S{\'{a}}nchez, Emmanuel Galiano, Vicente and Villala{\'{i}}n, José}
}

@techreport{0MagneticSystems,
    title = {{Magnetic Systems}},
    year = {0},
    number = {},
    pages = {},
    volume = {}
}

@misc{MarsdenC.pdf,
    title = {{MarsdenC.pdf}}
}

@article{0Matematicas,
    title = {{matematicas}},
    year = {0},
    number = {},
    pages = {},
    volume = {}
}

@article{0Matematicasb,
    title = {{matematicas}},
    year = {0},
    number = {},
    pages = {},
    volume = {}
}

@article{Matematicas2,
    title = {{Matem{\'{a}}ticas Financieras M{\'{o}}dulo 2 Amortizaci{\'{o}}n y evaluaci{\'{o}}n de proyectos LECTURA 2}}
}

@article{MatematicasFinanzas,
    title = {{Matem{\'{a}}ticas Financieras Tema 1 Lectura 2: Finanzas}}
}

@article{MatematicasInteres,
    title = {{Matem{\'{a}}ticas Financieras Tema 2 Lectura 2: Tasas de inter{\'{e}}s}}
}

@book{0MatematicasEconomia,
    title = {{Matem{\'{a}}ticas para Administraci{\'{o}}n y Econom{\'{i}}a}},
    year = {0},
    number = {},
    pages = {},
    volume = {}
}

@book{0MayematicasFinancieras,
    title = {{Mayem{\'{a}}ticas financieras}},
    year = {0},
    number = {},
    pages = {},
    volume = {}
}

@misc{Vanegas2020MdStress.org,
    title = {{mdStress.org}},
    year = {2020},
    author = {Vanegas, Juan M. and Torres-Sanchez, Alejandro and Arroyo, Marino},
    month = {1},
    url = {http://mdstress.org/}
}

@book{MeasurementsAnalysis,
    title = {{Measurements and their Uncertainties: A practical guide to modern error analysis}}
}

@misc{MeliaF,
    title = {{Melia F}}
}

@misc{MeliaChicago.pdf,
    title = {{Melia F. - Electrodynamics (2001{\_} Univ. Chicago).pdf}}
}

@misc{UPV2017MetodoX,
    title = {{M{\'{e}}todo Operativo. Difract{\'{o}}metro de Rayos X}},
    year = {2017},
    author = {{UPV}},
    url = {https://www.upv.es/materiales/Fcm/Fcm03/pfcm3_4_1.html}
}

@book{Sampieri2006MetodologiaInvestigacion,
    title = {{Metodolog{\'{i}}a de la investigaci{\'{o}}n}},
    year = {2006},
    author = {Sampieri, Hernández},
    pages = {3--32},
    isbn = {9701057538}
}

@article{Schlame1993MitochondrialSpecies,
    title = {{Mitochondrial cardiolipin in diverse eukaryotes Comparison of biosynthetic reactions and molecular acyl species}},
    year = {1993},
    author = {Schlame, M and Brody, Stuart and Hostetler, Karl Y.},
    pages = {727--735},
    volume = {735}
}

@book{VainshteinModernCrystallographyb,
    title = {{Modern Crystallography 1: Fundamentals of Crystals. Symmetry, and Methods of Structural Crystallography,}},
    author = {Vainshtein, Boris K.},
    editor = {{Springer}},
    edition = {2nd},
    volume = {1}
}

@article{Losasso2019ModulationBilayersc,
    title = {{Modulation of Antimicrobial Peptide Potency in Stressed Lipid Bilayers}},
    year = {2019},
    journal = {Physical Review Letters},
    author = {Losasso, Valeria and Hsiao, Ya-Wen and Martelli, Fausto and Winn, Martyn D. and Crain, Jason},
    number = {20},
    pages = {208103},
    volume = {122},
    publisher = {American Physical Society},
    url = {https://link.aps.org/doi/10.1103/PhysRevLett.122.208103},
    doi = {10.1103/PhysRevLett.122.208103},
    issn = {0031-9007},
    keywords = {doi:10.1103/PhysRevLett.122.208103 url:https://doi}
}

@misc{BiophysicalSociety2019MolecularMembranes,
    title = {{Molecular Biophysics of Membranes}},
    year = {2019},
    author = {{Biophysical Society}},
    url = {https://www.biophysics.org/2020tahoe#/}
}

@article{Hayashi2003MolecularChromophore,
    title = {{Molecular dynamics simulation of bacteriorhodopsin's photoisomerization using ab initio forces for the excited chromophore}},
    year = {2003},
    journal = {Biophysical Journal},
    author = {Hayashi, Shigehiko and Tajkhorshid, Emad and Schulten, Klaus},
    number = {3},
    pages = {1440--1449},
    volume = {85},
    publisher = {Elsevier},
    url = {http://dx.doi.org/10.1016/S0006-3495(03)74576-7},
    doi = {10.1016/S0006-3495(03)74576-7},
    issn = {00063495}
}

@article{Kandasamy2006MolecularMismatch,
    title = {{Molecular dynamics simulations of model trans-membrane peptides in lipid bilayers: A systematic investigation of hydrophobic mismatch}},
    year = {2006},
    journal = {Biophysical Journal},
    author = {Kandasamy, Senthil K. and Larson, Ronald G.},
    number = {7},
    pages = {2326--2343},
    volume = {90},
    doi = {10.1529/biophysj.105.073395},
    issn = {00063495}
}

@article{Olausson2012MolecularMembranes,
    title = {{Molecular dynamics simulations reveal specific interactions of post-translational palmitoyl modifications with rhodopsin in membranes}},
    year = {2012},
    journal = {Journal of the American Chemical Society},
    author = {Olausson, Bjoern E.S. and Grossfield, Alan and Pitman, Michael C. and Brown, Michael F. and Feller, Scott E. and Vogel, Alexander},
    number = {9},
    pages = {4324--4331},
    volume = {134},
    doi = {10.1021/ja2108382},
    issn = {00027863}
}

@book{Kukol2014MolecularEdition,
    title = {{Molecular modeling of proteins: Second edition}},
    year = {2014},
    booktitle = {Molecular Modeling of Proteins: Second Edition},
    author = {Kukol, Andreas},
    pages = {1--474},
    volume = {1215},
    url = {http://link.springer.com/10.1007/978-1-4939-1465-4},
    isbn = {9781493914654},
    doi = {10.1007/978-1-4939-1465-4},
    keywords = {clustering, ligand filtering, protein flexibility, qr factorization, relaxed complex scheme, rmsd- based, roc analysis}
}

@article{0NoTitleb,
    title = {{No Title}},
    year = {0},
    number = {},
    pages = {},
    volume = {}
}

@article{1NoTitleb,
    title = {{No Title}},
    year = {1},
    journal = {a},
    number = {q},
    pages = {q},
    volume = {},
    isbn = {r},
    doi = {e},
    issn = {t},
    pmid = {u},
    arxivId = {w}
}

@article{NoTitle,
    title = {{No Title}},
    pages = {1--6}
}

@misc{0NoTitlec,
    title = {{No Title}},
    year = {0},
    number = {},
    pages = {},
    volume = {},
    url = {http://www.artcompsci.org/vol_1/v1_web/node34.html}
}

@article{0NoTitled,
    title = {{No Title}},
    year = {0},
    number = {},
    pages = {},
    volume = {}
}

@article{Bahar2010NormalProteins,
    title = {{Normal mode analysis of biomolecular structures: Functional mechanisms of membrane proteins}},
    year = {2010},
    journal = {Chemical Reviews},
    author = {Bahar, Ivet and Lezon, Timothy R. and Bakan, Ahmet and Shrivastava, Indira H.},
    doi = {10.1021/cr900095e},
    issn = {00092665},
    pmid = {19785456}
}

@article{Ramirez2010Observaciones1,
    title = {{Observaciones Generales Laboratorio de F{\'{i}}sica B{\'{a}}sica 1}},
    year = {2010},
    author = {Ramirez, Diego Fernando},
    pages = {2010--2010}
}

@article{Douliez1998OnBiomembranes,
    title = {{On the relationship between C-C and C-D order parameters and its use for studying the conformation of lipid acyl chains in biomembranes}},
    year = {1998},
    journal = {Journal of Chemical Physics},
    author = {Douliez, J. P. and Ferrarini, A. and Dufourc, E. J.},
    number = {6},
    pages = {2513--2518},
    volume = {109},
    doi = {10.1063/1.476823},
    issn = {00219606}
}

@misc{OellienOnlineTranslator,
    title = {{Online SMILES Translator}},
    author = {Oellien, Frank and Nicklau, Marc C.},
    url = {https://cactus.nci.nih.gov/translate/}
}

@article{Lomize2012OPMMembranesb,
    title = {{OPM database and PPM web server: resources for positioning of proteins in membranes}},
    year = {2012},
    author = {Lomize, Mikhail A and Pogozheva, Irina D and Joo, Hyeon and Mosberg, Henry I and Lomize, Andrei L},
    number = {September 2011},
    pages = {370--376},
    volume = {40},
    doi = {10.1093/nar/gkr703}
}

@article{Takakuwa2013OptimizingOscillationb,
    title = {{Optimizing the Conditions for Residual Stress Measurement Using a Two-Dimensional XRD Method with Specimen Oscillation}},
    year = {2013},
    journal = {Advances in Materials Physics and Chemistry},
    author = {Takakuwa, Osamu and Soyama, Hitoshi},
    number = {01},
    pages = {8--18},
    volume = {03},
    publisher = {Scientific Research Publishing},
    url = {http://www.scirp.org/journal/PaperDownload.aspx?DOI=10.4236/ampc.2013.31A002},
    doi = {10.4236/ampc.2013.31A002},
    issn = {2162-531X}
}

@article{Warschawski2005OrderAbundance,
    title = {{Order parameters of unsaturated phospholipids in membranes and the effect of cholesterol: a 1H–13C solid-state NMR study at natural abundance}},
    year = {2005},
    journal = {European Biophysics Journal},
    author = {Warschawski, Dror E. and Devaux, Philippe F.},
    number = {8},
    month = {11},
    pages = {987--996},
    volume = {34},
    url = {http://www.mendeley.com/research/order-parameters-unsaturated-phospholipids-membranes-effect-cholesterol-1h13c-solidstate-nmr-study-n http://link.springer.com/10.1007/s00249-005-0482-z},
    doi = {10.1007/s00249-005-0482-z},
    issn = {0175-7571}
}

@article{Darden1993ParticleSystems,
    title = {{Particle mesh Ewald: An N{\textperiodcentered}log(N) method for Ewald sums in large systems}},
    year = {1993},
    journal = {The Journal of Chemical Physics},
    author = {Darden, Tom and York, Darrin and Pedersen, Lee},
    number = {12},
    pages = {10089--10092},
    volume = {98},
    doi = {10.1063/1.464397},
    issn = {00219606}
}

@book{Kobayashi2015PathogenesisAbscessesb,
    title = {{Pathogenesis of Staphylococcus aureus abscesses}},
    year = {2015},
    booktitle = {American Journal of Pathology},
    author = {Kobayashi, Scott D. and Malachowa, Natalia and Deleo, Frank R.},
    number = {6},
    pages = {1518--1527},
    volume = {185},
    publisher = {Elsevier Inc.},
    url = {http://dx.doi.org/10.1016/B978-0-12-809671-0.00002-4},
    isbn = {9780128096710},
    doi = {10.1016/j.ajpath.2014.11.030},
    issn = {15252191}
}

@book{ChristopherM.PatternLearning,
    title = {{Pattern Recognition and Machine Learning}},
    author = {Christopher M., Bishop}
}

@article{Marrink2013PerspectiveModel,
    title = {{Perspective on the martini model}},
    year = {2013},
    journal = {Chemical Society Reviews},
    author = {Marrink, Siewert J. and Tieleman, D. Peter},
    number = {16},
    pages = {6801--6822},
    volume = {42},
    doi = {10.1039/c3cs60093a},
    issn = {14604744}
}

@book{Tipler2007PhysicsII,
    title = {{Physics for Scientists and Engineers vol II}},
    year = {2007},
    author = {Tipler, Paul A. and Mosca, Gene},
    publisher = {W. H. Freeman}
}

@article{Marshall1981PigmentsCarotenoidsb,
    title = {{Pigments of Staphylococcus aureus, a series of triterpenoid carotenoids}},
    year = {1981},
    journal = {Journal of Bacteriology},
    author = {Marshall, J. H. and Wilmoth, G. J.},
    number = {3},
    pages = {900--913},
    volume = {147},
    issn = {00219193}
}

@article{Parrinello1981PolymorphicMethod,
    title = {{Polymorphic transitions in single crystals: A new molecular dynamics method}},
    year = {1981},
    journal = {Journal of Applied Physics},
    author = {Parrinello, M. and Rahman, A.},
    number = {12},
    month = {12},
    pages = {7182--7190},
    volume = {52},
    url = {http://aip.scitation.org/doi/10.1063/1.328693},
    doi = {10.1063/1.328693},
    issn = {0021-8979}
}

@article{PracticasPARTEb,
    title = {{Pr{\'{a}}cticas de Laboratorio sugeridas para el curso de FLUIDOS Y ELECTROMAGNETISMO PARA BIOCIENCIAS 0 PAUTAS Y SUGERENCIAS PARA LA REDACCI{\'{O}}N DE INFORMES 1 PRACTICA DE LABORATORIO 1: MEDICION PRIMERA PARTE}},
    number = {},
    pages = {},
    volume = {}
}

@article{PresentacionProyecto,
    title = {{Presentaci{\'{o}}n proyecto}}
}

@book{McCrea1937PrinciplesMechanics,
    title = {{Principles of Quantum Mechanics}},
    year = {1937},
    booktitle = {The Mathematical Gazette},
    author = {McCrea, W. H. and Lande, Alfred},
    number = {247},
    pages = {443},
    volume = {21},
    isbn = {9781475705782},
    doi = {10.2307/3605861},
    issn = {00255572}
}

@book{Spiegel2006ProbabilityStatistics,
    title = {{Probability and Statistics}},
    year = {2006},
    booktitle = {International Statistical Review / Revue Internationale de Statistique},
    author = {Spiegel, Murray R. and Schiller, John J.},
    number = {2},
    pages = {249},
    volume = {40},
    publisher = {McGraw-Hill},
    isbn = {9780071544269},
    doi = {10.2307/1402768},
    issn = {03067734}
}

@article{0Program,
    title = {{program}},
    year = {0},
    number = {},
    pages = {},
    volume = {}
}

@book{EthanProofFundamentals,
    title = {{Proof and Fundamentals}},
    author = {Ethan, Bloch},
    isbn = {9781441971265}
}

@article{0Ptos,
    title = {{ptos}},
    year = {0},
    number = {},
    pages = {},
    volume = {}
}

@misc{HaneyCar2005PublicAureus,
    title = {{Public Health Image Library (PHIL): Staphylococcus aureus}},
    year = {2005},
    author = {Haney Car, Janice},
    url = {https://phil.cdc.gov/Details.aspx?pid=7821}
}

@book{NouredineZettili1996QuantumApplications,
    title = {{Quantum mechanics - concepts and applications}},
    year = {1996},
    booktitle = {European Journal of Physics},
    author = {{Nouredine Zettili}},
    number = {2},
    volume = {17},
    isbn = {9780470026786},
    doi = {10.1088/0143-0807/17/2/014},
    issn = {0143-0807}
}

@article{0Quimica,
    title = {{quimica}},
    year = {0},
    number = {},
    pages = {},
    volume = {}
}

@article{Wang2011RetinalSimulations,
    title = {{Retinal release from opsin in molecular dynamics simulations}},
    year = {2011},
    journal = {Journal of Molecular Recognition},
    author = {Wang, Ting and Duan, Yong},
    number = {2},
    pages = {350--358},
    volume = {24},
    doi = {10.1002/jmr.1087},
    issn = {09523499},
    keywords = {autosomal-dominant retinitis pigmentosa (ADPR), molecular dynamics, opsin, retinal exchange}
}

@article{Phillips2005ScalableNAMD,
    title = {{Scalable molecular dynamics with NAMD}},
    year = {2005},
    journal = {Journal of Computational Chemistry},
    author = {Phillips, James C. and Braun, Rosemary and Wang, Wei and Gumbart, James and Tajkhorshid, Emad and Villa, Elizabeth and Chipot, Christophe and Skeel, Robert D. and Kal{\'{e}}, Laxmikant and Schulten, Klaus},
    number = {16},
    month = {12},
    pages = {1781--1802},
    volume = {26},
    publisher = {Wiley Subscription Services, Inc., A Wiley Company},
    url = {http://doi.wiley.com/10.1002/jcc.20289},
    doi = {10.1002/jcc.20289},
    issn = {0192-8651},
    keywords = {biomolecular simulation, molecular dynamics, parallel computing}
}

@article{Miyamoto1992Settle:Models,
    title = {{Settle: An analytical version of the SHAKE and RATTLE algorithm for rigid water models}},
    year = {1992},
    journal = {Journal of Computational Chemistry},
    author = {Miyamoto, Shuichi and Kollman, Peter A.},
    number = {8},
    month = {10},
    pages = {952--962},
    volume = {13},
    publisher = {John Wiley {\&} Sons, Ltd},
    url = {https://onlinelibrary.wiley.com/doi/full/10.1002/jcc.540130805 https://onlinelibrary.wiley.com/doi/abs/10.1002/jcc.540130805 https://onlinelibrary.wiley.com/doi/10.1002/jcc.540130805},
    doi = {10.1002/jcc.540130805},
    issn = {1096987X}
}

@book{Foster2014StaphylococcusAureus,
    title = {{Staphylococcus aureus}},
    year = {2014},
    booktitle = {Molecular Medical Microbiology: Second Edition},
    author = {Foster, Timothy J. and Geoghegan, Joan A.},
    pages = {655--674},
    volume = {2-3},
    publisher = {Elsevier Ltd},
    url = {http://dx.doi.org/10.1016/B978-0-12-397169-2.00037-8},
    isbn = {9780123971692},
    doi = {10.1016/B978-0-12-397169-2.00037-8},
    keywords = {Adhesion, Biofilm, Immune evasion, MRSA, Mobile genetic elements, Staphylococcus aureus, Toxins, Virulence}
}

@misc{NationalCenterforBiotechnologyInformationStaphyloxanthinCID=56928085,
    title = {{Staphyloxanthin, CID=56928085}},
    booktitle = {PubChem Database},
    author = {{National Center for Biotechnology Information}},
    url = {https://pubchem.ncbi.nlm.nih.gov/compound/Staphyloxanthin}
}

@article{StructuralBondingb,
    title = {{Structural Biochemistry/Organic Chemistry/Important Organic Reactions in Biochemistry/Peptide Bonding}}
}

@article{Hartkamp2016StructuralPhase,
    title = {{Structural properties of phospholipid-based bilayers with long-chain alcohol molecules in the gel phase}},
    year = {2016},
    journal = {Journal of Physical Chemistry B},
    author = {Hartkamp, Remco and Moore, Timothy C. and Iacovella, Christopher R. and Thompson, Michael A. and Bulsara, Pallav A. and Moore, David J. and McCabe, Clare},
    url = {http://www.mendeley.com/catalogue/structural-properties-phospholipidbased-bilayers-longchain-alcohol-molecules-gel-phase},
    doi = {10.1021/acs.jpcb.6b10192}
}

@phdthesis{Melendez-Delgado2018StudyingBilayers,
    title = {{Studying the role of staphyloxanthin in modulating membrane structural parameters in DMPG and DPPG lipid bilayers}},
    year = {2018},
    author = {Melendez-Delgado, Julian Andres},
    pages = {48},
    school = {Universidad de los Andes}
}

@article{Faham2008SupportingSymportb,
    title = {{Supporting Online Material for The Crystal Structure of a Sodium Galactose Transporter Reveals Mechanistic Insights into Na + /Sugar Symport}},
    year = {2008},
    author = {Faham, Salem and Watanabe, Akira and Besserer, Gabriel Mercado and Cascio, Duilio and Specht, Alexandre and Hirayama, Bruce A and Wright, Ernest M and Abramson, Jeff},
    url = {www.sciencemag.org/cgi/content/full/1160406/DC1},
    doi = {10.1126/science.1160406}
}

@article{Han2015SynaptobrevinSimulations,
    title = {{Synaptobrevin Transmembrane Domain Dimerization Studied by Multiscale Molecular Dynamics Simulations}},
    year = {2015},
    journal = {Biophysical Journal},
    author = {Han, Jing and Pluhackova, Kristyna and Wassenaar, Tsjerk A. and B{\"{o}}ckmann, Rainer A.},
    number = {4},
    pages = {760--771},
    volume = {109},
    doi = {10.1016/j.bpj.2015.06.049},
    issn = {15420086}
}

@article{0Taller2.2b,
    title = {{taller2.2}},
    year = {0},
    number = {},
    pages = {},
    volume = {}
}

@article{0TareaCuantica,
    title = {{tarea cu{\'{a}}ntica}},
    year = {0},
    number = {},
    pages = {},
    volume = {}
}

@article{MatemTasas2,
    title = {{Tasas de Inter{\'{e}}s Tema 2}},
    author = {Matem, Curso}
}

@article{Bag2014TemperatureSpectroscopy,
    title = {{Temperature dependence of diffusion in model and live cell membranes characterized by imaging fluorescence correlation spectroscopy}},
    year = {2014},
    journal = {Biochimica et Biophysica Acta - Biomembranes},
    author = {Bag, Nirmalya and Yap, Darilyn Hui Xin and Wohland, Thorsten},
    number = {3},
    month = {3},
    pages = {802--813},
    volume = {1838},
    publisher = {Elsevier},
    doi = {10.1016/j.bbamem.2013.10.009},
    issn = {00052736},
    keywords = {Activation energy, Camera-based FCS, FCS diffusion law, Lipid phase, Membrane organization}
}

@article{Texto1,
    title = {{Texto1}}
}

@article{Ocampo2010TheAureus,
    title = {{The antibacterial activity of phospholipase A2 type IIA is regulated by the cooperative lipid chain melting behavior in Staphylococcus aureus}},
    year = {2010},
    journal = {BBA - Biomembranes},
    author = {Ocampo, Jackson and Afanador, Nicolas and Vives, Martha J and Moreno, Juan C and Leidy, Chad},
    number = {6},
    pages = {1021--1028},
    volume = {1798},
    publisher = {Elsevier B.V.},
    url = {http://dx.doi.org/10.1016/j.bbamem.2009.11.017},
    doi = {10.1016/j.bbamem.2009.11.017},
    issn = {0005-2736},
    keywords = {staphylococcus aureus}
}

@misc{MilonniTheElectrodynamics,
    title = {{The Quantum Vaccum An Introduction to Quantum Electrodynamics}},
    author = {Milonni, Peter}
}

@misc{Stote1999TheorySimulations,
    title = {{Theory of Molecular Dynamics Simulations}},
    year = {1999},
    author = {Stote, Roland and Dejaegere, Annick and Kuznetsov, Dmitry and Falquet, Laurent},
    url = {http://www.ch.embnet.org/MD_tutorial/pages/MD.Part1.html}
}

@book{EdiciUE,
    title = {{U n a va r i a b l e}},
    author = {Edici, Cima},
    isbn = {9702606438}
}

@misc{Suesca2019UAEquipment,
    title = {{UA Biophysics: Equipment}},
    year = {2019},
    author = {Suesca, Elizabeth},
    url = {https://openwetware.org/wiki/UA_Biophysics:Equipment}
}

@article{TALEROUsoExclamacion,
    title = {{Uso del punto, los puntos suspensivos suspensivos y los signos de interrogaci{\'{o}}n y exclamaci{\'{o}}n}},
    author = {TALERO, ANÍBAL}
}

@article{YnUsos,
    title = {{Usos del punto y coma (;)}},
    author = {Yn, I L and Ia, S P I T}
}

@article{Perez-Lopez2019VariationsProperties,
    title = {{Variations in carotenoid content and acyl chain composition in exponential, stationary and biofilm states of Staphylococcus aureus, and their influence on membrane biophysical properties}},
    year = {2019},
    journal = {Biochimica et Biophysica Acta - Biomembranes},
    author = {Perez-Lopez, Maria Isabel and Mendez-Reina, Rudy and Trier, Steve and Herrfurth, Cornelia and Feussner, Ivo and Bernal, Adriana and Forero-Shelton, Manu and Leidy, Chad},
    number = {5},
    pages = {978-–987},
    volume = {1861},
    doi = {https://doi.org/10.1016/j.bbamem.2019.02.001}
}

@book{Bagatolli2017VidaGrasas,
    title = {{Vida ¿Una cuesti{\'{o}}n de grasas?}},
    year = {2017},
    author = {Bagatolli, Luis A. and Mouritsen, Ole G},
    isbn = {9783319226132}
}

@article{Nojima2014ViscositySpectroscopy,
    title = {{Viscosity heterogeneity inside lipid bilayers of single-component phosphatidylcholine liposomes observed with picosecond time-resolved fluorescence spectroscopy}},
    year = {2014},
    journal = {Journal of Physical Chemistry B},
    author = {Nojima, Yuki and Iwata, Koichi},
    number = {29},
    pages = {8631--8641},
    volume = {118},
    doi = {10.1021/jp503921e},
    issn = {15205207}
}

@book{1932ViscosityLiquids,
    title = {{Viscosity of liquids}},
    year = {1932},
    booktitle = {Nature},
    number = {3247},
    pages = {125--126},
    volume = {129},
    isbn = {9781402054815},
    doi = {10.1038/129125d0},
    issn = {00280836}
}

@misc{WalterD,
    title = {{Walter Greiner, D}}
}

@misc{Murphy2019WhatmanSciences,
    title = {{Whatman Lab Filtration Products – Analytical sample preparation - GE Healthcare Life Sciences}},
    year = {2019},
    author = {Murphy, Kieran and Patolawala, Monish},
    url = {https://www.gelifesciences.com/en/mx/shop/whatman-laboratory-filtration}
}

@misc{Harald_J._W._Muller-Kirsten_A._Wiedemann_Supersb-ok.xyz.pdf,
    title = {{[Harald{\_}J.{\_}W.{\_}Muller-Kirsten,{\_}A.{\_}Wiedemann]{\_}Supers(b-ok.xyz).pdf}}
}

@article{2017Y,
    title = {{{\textbackslash} y {\textbackslash} z b. x {\textbackslash} y}},
    year = {2017},
    pages = {1--4}
}

@book{AdamMoserandDarrinM.York2008NIHAccess,
    title = {{基因的改变NIH Public Access}},
    year = {2008},
    booktitle = {Bone},
    author = {Adam Moser  and Darrin M. York, Kevin Range},
    number = {1},
    pages = {1--7},
    volume = {23},
    isbn = {6176321972},
    doi = {10.1038/jid.2014.371},
    pmid = {1000000221},
    keywords = {epiblast, gfp fusion, histone h2b-, icm, lineage specification, live imaging, mouse blastocyst, pdgfr {$\alpha$}, primitive endoderm}
}

@article{HermiyantyWandiraAyuBertin2017NoTitle,
    title = {{済無No Title No Title}},
    year = {2017},
    journal = {Journal of Chemical Information and Modeling},
    author = {Hermiyanty, Wandira Ayu Bertin, Dewi Sinta},
    number = {9},
    pages = {1--58},
    volume = {8},
    isbn = {9788578110796},
    doi = {10.1017/CBO9781107415324.004},
    issn = {1098-6596},
    pmid = {25246403},
    arxivId = {arXiv:1011.1669v3},
    keywords = {icle}
}